2592 3867
353 193 442 261 44
958 186 1681 253 PROPERTII

606 361 747 437 Non
771 378 888 439 ego
917 359 1236 439 nequitiae
1259 356 1511 417 dicerer
1532 374 1672 415 esse
1700 362 1903 436 caput,

524 445 583 508 N
585 464 658 506 ee
681 446 771 504 sie
791 460 908 524 per
928 448 1126 503 totam
1144 442 1391 501 infamis
1412 438 1781 501 traducerer
1805 442 2049 520 urbem,

606 529 848 589 Urerer
871 532 939 587 et
955 528 1252 607 quamvis,
1277 525 1527 584 nomine
1548 524 1741 584 verba
1763 522 1997 586 darem.
2093 520 2100 524 ’

528 615 734 691 Quare
752 630 834 672 ne
860 612 977 674 tibi
999 612 1084 670 sit
1107 612 1331 669 mirum
1350 626 1449 669 me
1472 626 1779 687 quaerere
1800 606 1993 668 viles:

373 706 378 713 ’
420 708 490 760 10
609 697 865 756 Parcius
886 695 1216 754 infamant:
1260 711 1407 753 num
1427 694 1546 753 tibi
1567 712 1749 752 eausa
1767 688 1927 753 levis
1941 692 1975 751 ‘l

523 782 610 844 Et
632 779 818 840 modo
838 778 1094 858 pavonis
1117 775 1349 837 caudae
1368 773 1626 837 flabella
1649 778 1958 856 superbae

603 864 689 926 Et
709 863 988 923 manibus
1011 860 1166 920 dura
1183 862 1383 939 frigus
1405 861 1641 920 habere
1664 858 1794 940 pila

524 950 609 1010 Et
632 948 803 1027 eupit
821 948 1048 1006 iratum
1068 942 1232 1005 talos
1251 963 1353 1004 me
1374 962 1640 1023 poscere
1663 945 1956 1023 eburnos,

607 1032 906 1111 Quaeque
933 1031 1139 1091 nitent
1161 1028 1352 1089 Sacra
1370 1026 1519 1089 vilia
1542 1028 1703 1089 dona
1723 1027 1861 1092 Via.
2176 1090 2183 1093 .

419 1125 486 1177 15
527 1117 629 1177 Ah
649 1132 923 1196 peream,
947 1114 1001 1173 si
1021 1132 1121 1173 me
1141 1115 1262 1173 ista
1281 1118 1532 1187 movent
1554 1111 1912 1193 dispendia:
1958 1113 2073 1175 sed
2091 1131 2191 1175 me

607 1197 852 1261 Fallaei
875 1197 1157 1258 dominae
1179 1198 1300 1257 iam
1320 1195 1519 1275 pudet
1542 1214 1682 1256 esse
1705 1198 1925 1259 iocum.

383 1331 490 1425 19
527 1332 668 1426 l'loc
693 1366 916 1425 eratin
934 1365 1152 1445 primis
1177 1363 1346 1443 quod
1366 1382 1466 1423 me
1490 1361 1759 1441 gaudere
1782 1362 2087 1423 iubebas?

611 1448 768 1508 Tam
786 1455 853 1509 te
875 1449 1206 1509 formosam
1228 1466 1356 1507 non
1374 1445 1573 1527 pudet
1594 1465 1732 1507 esse
1754 1444 1957 1505 levem
1970 1446 2003 1504 ’ἒ

525 1533 664 1594 Una
686 1537 790 1592 aut
811 1530 1012 1593 altera
1033 1552 1155 1593 nox
1175 1530 1450 1592 nondum
1469 1535 1569 1591 est
1586 1532 1655 1591 in
1678 1548 1887 1593 amore
1906 1535 2184 1610 peracta,

604 1617 691 1679 Et
712 1616 888 1677 dicor
907 1616 1076 1677 lecto
1097 1618 1220 1677 iam
1241 1618 1441 1695 gravis
1467 1634 1608 1676 esse
1631 1620 1757 1676 tuo.
2206 1623 2278 1675 20

450 1710 484 1761 5
528 1700 640 1761 Me
661 1700 844 1761 modo
866 1699 1160 1763 laudabas
1184 1706 1251 1761 et
1273 1702 1544 1761 earmina
1566 1705 1781 1760 nostra
1800 1698 2089 1779 legebasz

605 1784 726 1847 Ille
747 1793 890 1847 tuus
911 1806 1148 1868 pennas
1169 1792 1295 1845 tam
1318 1788 1443 1845 cito
1465 1786 1658 1845 vertit
1680 1804 1850 1845 amor
1863 1785 1896 1843 ’ἒ

528 1869 886 1936 Contendat
905 1891 1145 1933 mecum
1165 1872 1440 1949 ingenio,
1466 1867 1804 1930 contendat
1823 1875 1892 1929 et
1912 1874 2067 1945 arte,

605 1955 677 2014 In
695 1957 914 2034 primis
935 1975 1057 2015 una
1079 1954 1279 2013 discat
1300 1968 1505 2011 amare
1530 1952 1743 2011 domo:

526 2036 594 2097 Si
621 2034 868 2097 libitum
888 2038 1005 2095 tibi
1029 2037 1172 2111 erit,
1193 2035 1507 2093 Lernaeas
1528 2038 1766 2111 pugnet
1789 2032 1867 2091 ad
1886 2032 2119 2110 hydras
2204 2042 2273 2095 25

418 2128 488 2180 10
608 2119 694 2179 Et
711 2119 830 2178 tibi
852 2118 926 2177 ab
951 2118 1263 2195 Hesperio
1288 2114 1450 2175 mala
1473 2114 1743 2195 dracone
1768 2115 1955 2192 ferat,

525 2201 723 2263 Tetra
741 2218 985 2261 venena
1003 2199 1214 2261 libens
1237 2204 1305 2259 et
1328 2200 1661 2276 naufragus
1682 2198 1897 2258 ebibat
1916 2196 2113 2259 undas

598 2286 685 2344 Et
703 2303 1033 2363 numquam
1053 2303 1172 2363 pro
1194 2290 1261 2343 te
1285 2282 1558 2361 deneget
1580 2300 1719 2341 esse
1742 2284 1934 2343 miser

523 2364 738 2451 [Quos
759 2369 996 2428 utinam
1015 2370 1084 2427 in
1104 2369 1309 2445 nobis,
1331 2368 1476 2445 vita,
1500 2366 1826 2446 experiare
1847 2364 2100 2427 labores
2114 2360 2177 2453 Ξ)
2194 2387 2213 2425 =

600 2450 726 2511 Iam
746 2452 864 2512 tibi
889 2450 968 2511 de
989 2449 1226 2513 timidis
1246 2453 1369 2511 iste
1394 2452 1699 2532 superbus
1722 2451 1867 2529 erit,
2205 2458 2277 2511 30
2403 2458 2417 2464 “

415 2542 482 2595 15
525 2536 647 2612 Qui
667 2554 831 2596 nune
853 2538 1012 2617 sein
1034 2536 1338 2597 tumidum
1362 2534 1648 2595 iactando
1673 2536 1849 2595 venit
1866 2535 2201 2595 honorem:

599 2618 945 2682 Discidium
969 2622 1144 2681 vobis
1165 2622 1481 2700 proximus
1505 2638 1699 2680 annus
1724 2621 1866 2680 erit.

472 2770 474 2775 ,
519 2703 606 2763 At
625 2723 723 2764 me
746 2724 873 2764 non
895 2711 1062 2768 aetas
1083 2706 1347 2765 mutabit
1367 2711 1499 2765 tota
1520 2700 1821 2782 Sibyllae,

599 2787 658 2848 N
660 2807 740 2847 on
759 2787 942 2849 labor
963 2788 1247 2866 Aloidae,
1269 2808 1397 2847 non
1416 2790 1599 2866 niger
1621 2786 1736 2847 ille
1760 2786 1916 2849 dies.

520 2870 622 2932 Tu
641 2890 778 2931 mea
801 2890 1133 2953 compones
1158 2878 1225 2931 et
1245 2870 1418 2932 dices
1442 2876 1625 2949 eossa,
1645 2871 1964 2950 Properti,
2200 2874 2270 2930 35

409 2962 482 3015 20
603 2954 776 3014 Haec
797 2962 904 3017 tua
924 2963 1098 3017 sunt:
1142 2956 1268 3015 heu
1291 2956 1419 3016 heu
1437 2961 1507 3015 tu
1529 2956 1679 3015 mihi
1702 2959 1912 3013 certus
1934 2969 2096 3027 eras,

519 3037 748 3098 Certus
773 3056 913 3098 eras
935 3041 1061 3099 heu
1081 3041 1227 3118 heu,
1254 3040 1525 3119 quamvis
1545 3057 1664 3098 nee
1688 3036 1983 3113 sanguine
2008 3035 2169 3094 avito

595 3117 838 3179 Nobilis
861 3128 930 3180 et
951 3125 1222 3200 quamvis
1243 3123 1412 3183 haud
1430 3124 1519 3183 ita
1542 3122 1713 3181 dives
1736 3123 1920 3179 eras?

515 3199 625 3264 Nil
646 3221 762 3281 ego
783 3222 910 3261 non
926 3206 1148 3283 patiar,
1171 3225 1501 3285 numquam
1522 3224 1621 3264 me
1644 3204 1873 3263 iniuria
1893 3206 2121 3263 mutat:

598 3286 807 3346 Ferre.
825 3305 940 3365 ego
962 3288 1296 3348 formosam
1318 3288 1556 3350 nullum
1578 3308 1731 3349 onus
1756 3306 1895 3347 esse
1917 3291 2088 3367 puto.
2196 3292 2271 3345 40

407 3375 476 3427 25
506 3369 730 3430 oredo
755 3388 870 3447 ego
892 3390 1018 3430 non
1039 3390 1268 3451 paucos
1288 3374 1409 3431 ista
1429 3372 1697 3452 periisse
1716 3372 1936 3449 figura,

598 3451 806 3513 Credo
829 3470 945 3531 ego
971 3453 1084 3513 sed
1105 3451 1335 3514 multos
1356 3474 1483 3514 non
1504 3456 1794 3515 habuisse
1815 3454 2022 3514 fidem.
