2592 3867
823 192 1208 257 LIBER
1288 192 1635 279 11‚s‚9.,
2075 194 2167 261 20

491 361 730 423 Tantus
751 362 819 419 in
839 367 1060 440 erepto
1086 360 1281 421 saevit
1303 379 1511 420 amore
1534 359 1731 425 dolor.

411 447 498 507 At
515 450 844 526 postquam
866 462 1009 503 sera
1029 444 1270 524 captiva
1289 450 1391 503 est
1409 442 1659 505 reddita
1678 463 1901 526 poena,

490 531 752 589 Fortem
771 526 952 587 illum
972 528 1334 589 Haemoniis
1356 528 1637 590 Hectora
1656 532 1849 591 traxit
1873 532 2071 610 equis.

410 613 682 674 Inferior
701 611 896 673 multo
920 630 1058 673 eum
1079 613 1194 673 sim
1214 610 1318 672 vel
1338 618 1539 673 matre
1560 610 1664 673 vel
1686 615 1893 693 armis,

491 697 744 775 Mirum,
769 698 822 757 ui
845 694 925 757 de
945 714 1046 756 me
1065 697 1204 757 iure
1225 697 1571 777 triumphat
1596 697 1789 757 Amor
1801 697 1834 757 ’ἒ

323 829 377 923 9
411 832 541 925 lste
565 863 732 945 quod
755 870 874 941 est,
899 880 1014 943 ego
1035 881 1225 943 saepe
1246 864 1361 941 fui,
1388 864 1503 924 sed
1520 865 1655 925 fors
1674 866 1831 926 etin
1848 865 2007 928 hora

490 949 630 1009 Hoc
655 950 792 1028 ipso
816 950 1020 1008 eiecto
1043 949 1247 1006 carior
1269 946 1433 1007 alter
1455 950 1597 1009 erit.

410 1032 732 1113 Penelope
754 1036 1004 1111 poterat
1023 1032 1120 1091 bis
1144 1029 1340 1091 denos
1360 1031 1527 1091 salva
1547 1051 1665 1111 per
1687 1051 1878 1091 annos

493 1116 749 1193 Vivere,
770 1120 897 1175 tam
916 1113 1124 1174 multis
1146 1115 1379 1175 femina
1398 1114 1594 1194 digna.
1602 1116 1832 1196 procis,

335 1210 370 1263 5
416 1202 782 1279 Coniugium
802 1196 958 1259 falsa
977 1204 1228 1278 poterat
1251 1198 1514 1259 differre
1536 1200 1841 1277 Minerva,

491 1285 810 1346 Nocturno
841 1281 1087 1343 solvens
1109 1289 1280 1343 texta
1303 1283 1525 1344 diurna
1548 1282 1713 1362 dolo,

408 1369 636 1431 Visura
657 1375 724 1430 et
745 1369 1014 1449 quamvis
1034 1386 1363 1447 numquam
1385 1374 1673 1448 speraret
1694 1364 1963 1447 Ulixem,

488 1452 672 1514 Illum
695 1450 1077 1534 expectando
1101 1452 1267 1513 facta
1283 1454 1584 1513 remansit
1605 1472 1774 1514 anus.

408 1538 538 1600 Nec
559 1558 688 1598 non
711 1537 1052 1599 exanimem
1075 1536 1456 1615 amplectens
1478 1537 1716 1597 Briseis
1738 1534 2050 1599 Achillem

302 1632 373 1685 10
496 1620 776 1683 Candida
799 1640 1023 1681 vesana
1042 1622 1337 1680 verberat
1358 1639 1469 1680 ora
1487 1641 1689 1700 manu,

407 1707 493 1767 Et
517 1704 830 1765 dominum
848 1703 1003 1764 lavit
1024 1721 1309 1763 maerens
1332 1705 1569 1783 captiva
1596 1710 1939 1782 cruentum,

494 1788 864 1869 Adpositum
882 1788 1055 1847 flavis
1075 1788 1143 1846 in
1164 1786 1483 1847 Simoenta
1500 1787 1693 1865 vadis,

411 1872 840 1952 Foedavitque
863 1890 1090 1950 comas,
1120 1876 1186 1931 ct
1209 1872 1370 1931 tanti
1393 1890 1617 1952 corpus
1640 1868 1874 1931 Achilli

491 1958 884 2038 Maximaque
903 1957 970 2016 in
991 1975 1180 2035 parva
1204 1954 1455 2016 sustulit
1478 1974 1619 2015 ossa
1638 1972 1840 2033 manu,

305 2049 371 2105 15
417 2042 574 2103 Gum
591 2042 709 2102 tibi
726 2059 846 2102 nec
865 2040 1092 2100 Peleus
1121 2039 1339 2100 aderat
1358 2059 1476 2101 nec
1500 2038 1746 2100 caerula
1766 2044 1988 2118 mater,

495 2126 713 2206 Scyria
732 2146 851 2186 nec
873 2124 1056 2186 viduo
1079 2124 1401 2185 Deidamia
1419 2131 1580 2187 toro.

413 2210 593 2270 Tunc
612 2211 802 2290 igitur
822 2210 988 2270 veris
1011 2209 1317 2289 gaudebat
1338 2209 1602 2269 Graecia
1622 2208 1805 2287 natis,

496 2294 673 2354 Tunc
701 2296 888 2355 etiam
907 2291 1065 2353 felix
1084 2295 1254 2353 inter
1277 2299 1344 2353 et
1364 2313 1533 2353 arma
1551 2292 1773 2374 pudor.

414 2380 498 2438 At
515 2384 587 2439 tu
608 2396 733 2439 non
751 2399 874 2438 una
893 2379 1154 2459 potuisti
1175 2384 1360 2438 nocte
1382 2396 1623 2456 vacare,

301 2470 374 2533 20
493 2462 704 2543 Impia,
732 2482 857 2522 non
879 2481 1066 2521 unum
1089 2459 1222 2522 sola
1241 2480 1494 2523 manere
1520 2461 1702 2522 diem.

415 2546 578 2622 Quin
602 2548 787 2605 etiam
805 2544 999 2605 multo
1021 2543 1279 2604 duxistis
1302 2544 1526 2623 pocula
1545 2545 1705 2604 risu:

490 2629 783 2690 Forsitan
807 2634 874 2687 et
896 2624 975 2685 de
996 2645 1096 2686 me
1118 2628 1310 2687 verba
1328 2627 1511 2685 fuere
1534 2625 1709 2688 mala.

413 2713 536 2773 Hic
560 2713 748 2773 etiam
766 2710 1028 2792 petitur,
1053 2712 1158 2790 qui
1179 2716 1246 2770 te
1267 2711 1441 2790 prius
1468 2716 1612 2771 ante
1634 2707 1925 2789 reliquit:

493 2796 573 2857 Di
594 2796 845 2874 faciant,
868 2796 990 2856 isto
1015 2801 1192 2875 capta
1212 2794 1427 2856 fruare
1446 2795 1613 2856 viro!

305 2890 378 2952 25
419 2880 594 2942 Haec
615 2881 768 2941 mihi
789 2886 932 2941 vota
951 2886 1118 2940 tuam
1136 2884 1401 2961 propter
1424 2885 1713 2960 suscepta
1735 2878 2029 2963 salutem,

496 2966 652 3027 Gum
674 2966 879 3047 capite
900 2966 1022 3026 hoe
1051 2964 1304 3045 Stygiae
1323 2966 1445 3025 iam
1467 2970 1839 3045 poterentur
1863 2986 2077 3049 aquae,

411 3048 496 3110 Et
513 3047 751 3111 lectum
770 3048 999 3110 flentes
1021 3050 1253 3109 circum
1276 3055 1581 3110 staremus
1604 3051 1784 3111 amici
1796 3050 1831 3110 2²

489 3132 615 3194 Hic
635 3134 915 3213 ubitam,
935 3152 1052 3214 pro
1077 3132 1162 3212 di,
1185 3133 1449 3213 perfida,
1475 3136 1689 3213 quisve
1712 3136 1879 3196 fuit?

415 3215 578 3292 Quid
599 3220 654 3278 si
671 3216 1044 3298 longlnquos
1065 3220 1383 3279 retinerer
1402 3218 1687 3303 miles‘ad
1708 3218 1913 3297 Indos,

304 3308 377 3363 30
499 3301 628 3361 Aut
646 3321 783 3362 mea
809 3304 862 3363 si
886 3308 1084 3363 staret
1103 3304 1274 3363 navis
1294 3305 1362 3363 in
1386 3304 1635 3365 Oceano
1648 3304 1683 3363 21

417 3383 544 3445 Sed
563 3386 738 3446 vobis
757 3385 943 3448 facile
967 3393 1064 3447 est
1083 3388 1274 3447 verba
1295 3393 1364 3447 et
1385 3406 1761 3468 componere
1780 3385 2036 3448 fraudes
2050 3407 2068 3444 ε

495 3468 634 3529 Hoc
655 3488 841 3530 unum
869 3469 1090 3531 didicit
1110 3470 1343 3531 femina
1367 3488 1618 3570 semper
1641 3489 1813 3550 opus.
