2592 3867
808 198 1581 280 Llnnslv‚s,9.
2068 202 2151 267 oo

300 378 372 431 50
496 366 724 428 ordiar
744 372 812 427 et
831 386 1012 429 caeso
1031 369 1275 428 moenia
1293 368 1472 427 firma
1488 368 1705 446 Remo,

411 449 812 530 Eductosque
831 469 1016 531 pares
1038 447 1309 511 silvestri
1330 469 1406 512 ex
1426 452 1621 511 ubere
1642 470 1847 531 reges,

496 536 762 595 crescet
781 540 848 595 et
867 535 1180 613 ingenium
1201 534 1314 593 snb
1336 540 1442 594 tua
1462 536 1629 594 iussa
1647 553 1871 614 meum,

409 618 768 697 Prosequar
789 623 856 677 et
877 637 1094 678 currus
1114 624 1382 697 utroque
1408 619 1483 679 ab
1505 618 1698 679 litore
1722 624 1993 699 ovantes,

487 701 861 763 Parthorum
885 707 1120 761 astutae
1141 699 1273 761 tela
1292 703 1552 761 remissa
1571 702 1775 781 fugae,

255 792 262 799 ‘
301 796 370 847 55
416 786 757 863 Castraque
776 784 988 845 Pelusi
1008 784 1282 845 Romano
1306 786 1562 845 subruta
1579 786 1777 864 ferro,

488 868 844 948 Antonique
869 886 1084 946 graves
1104 870 1171 927 in
1192 888 1302 927 sua
1320 870 1449 928 fata
1468 888 1699 933 manus.

405 951 620 1016 Mollis
640 957 712 1010 tu
732 957 992 1030 coeptae
1012 951 1219 1010 fautor
1243 970 1391 1031 cape
1412 950 1549 1012 lora
1566 954 1874 1031 iuventae,

489 1035 886 1112 Dexteraque
907 1034 1176 1093 inmissis
1199 1032 1277 1094 da
1297 1035 1448 1095 mihi
1472 1036 1644 1113 signa
1668 1036 1844 1097 rotis.

405 1118 544 1177 Hoc
565 1118 738 1194 mihi,
761 1116 1116 1195 Maecenas,
1137 1115 1341 1177 laudis
1364 1117 1676 1195 concedis,
1702 1124 1765 1178 et
1787 1139 1823 1177 a
1842 1123 1909 1177 te
1933 1124 2051 1198 est,

298 1209 371 1264 60
494 1198 676 1277 Quod
695 1201 870 1260 ferar
888 1202 954 1260 in
975 1206 1188 1280 partes
1207 1202 1345 1281 ipse
1366 1201 1561 1263 fuisse
1581 1207 1737 1264 tuas.

317 1330 371 1423 9
404 1332 708 1446 Mirabar,
733 1366 1022 1447 quidnam
1040 1369 1355 1428 misissent
1374 1386 1555 1429 mane
1577 1370 1903 1447 Camenae,
2037 1330 2151 1428 1⁰

487 1452 652 1511 Ante
673 1469 876 1513 meum
899 1457 1134 1514 stantes
1157 1450 1293 1512 sole
1318 1453 1583 1513 rubente
1607 1458 1827 1515 torum.

404 1533 640 1593 Natalis
668 1539 919 1595 nostrae
941 1536 1180 1613 signum
1202 1538 1431 1595 misere
1450 1534 1697 1615 puellae

485 1617 571 1678 Et
589 1617 868 1676 manibus
887 1618 1124 1677 faustos
1142 1625 1245 1677 ter
1267 1636 1571 1697 crepuere
1598 1638 1801 1680 sonos.

329 1707 364 1759 5
409 1698 720 1758 Transeat
737 1700 840 1757 hic
863 1700 999 1758 sine
1022 1700 1188 1759 nube
1212 1699 1368 1777 dies,
1390 1706 1561 1760 stent
1582 1718 1727 1760 aere
1748 1704 1941 1779 venti,

487 1781 689 1843 Ponat
710 1787 778 1842 et
795 1782 863 1840 in
885 1782 1050 1841 sicco
1072 1780 1530 1843 molliterunda
1548 1784 1760 1844 minas.

407 1865 722 1944 Aspiciam
739 1862 946 1926 nullos
969 1864 1272 1925 hodierna
1289 1866 1431 1925 luce
1459 1864 1767 1945 dolentes,

486 1948 572 2009 Et
590 1947 823 2010 Niobes
843 1947 1126 2010 lacrimas
1147 1951 1489 2030 supprimat
1506 1951 1643 2029 ipse
1664 1948 1846 2029 lapis,

403 2030 750 2111 Alcyonum
770 2033 992 2112 positis
1013 2034 1410 2112 requiescant
1432 2053 1541 2093 ora
1564 2032 1884 2112 querellis,

299 2123 368 2177 10
489 2116 781 2196 Increpet
802 2116 1188 2196 absumptum
1206 2135 1327 2177 nec
1346 2136 1455 2177 sua
1473 2124 1674 2198 mater
1694 2118 1884 2197 Itym3

408 2198 653 2278 Tuque,
679 2218 716 2258 o
741 2220 882 2259 cara
903 2201 1076 2278 mihi,
1096 2200 1385 2261 felicibus
1410 2200 1579 2261 edita
1598 2203 1842 2280 pennis,

488 2282 688 2361 Surge
711 2289 776 2343 et
794 2292 1126 2363 poscentes
1147 2286 1311 2345 iusta
1331 2303 1592 2364 precare
1616 2284 1783 2345 deos.

404 2366 496 2425 Ac
517 2369 782 2446 primum
802 2387 959 2447 pura
979 2388 1258 2429 somnum
1277 2370 1396 2429 tibi
1420 2368 1659 2431 discute
1682 2368 1931 2448 lympha

487 2450 574 2509 Et
591 2450 822 2511 nitidas
845 2470 1075 2530 presso.
1091 2450 1323 2530 pollice
1342 2453 1508 2529 finge
1532 2471 1765 2512 comas:

298 2540 364 2592 15
403 2532 586 2608 Dein,
609 2553 729 2609 qua
747 2534 1012 2612 primum
1033 2533 1244 2593 oculos
1267 2534 1493 2611 cepisti
1511 2539 1684 2591 veste
1706 2533 2021 2610 Properti,

484 2612 679 2674 Indue
699 2632 818 2674 nec
842 2634 1096 2674 vacuum
1115 2616 1274 2673 flore
1296 2612 1587 2693 relinque
1612 2620 1813 2694 caput,

401 2699 486 2757 Et
505 2704 676 2778 pete,
703 2718 823 2777 qua
843 2694 1068 2777 polles,
1091 2703 1161 2756 ut
1180 2698 1264 2756 sit
1282 2698 1400 2757 tibi
1420 2699 1619 2757 forma
1638 2698 1953 2775 perennis,

484 2780 678 2859 Inque
700 2799 904 2841 meum
925 2798 1172 2861 semper
1193 2786 1365 2841 stent
1381 2786 1487 2841 tua
1506 2798 1699 2859 regna
1721 2785 1918 2863 caput.

401 2861 554 2923 Inde
579 2870 902 2925 coronatas
925 2865 1033 2924 ubi
1052 2870 1195 2924 ture
1217 2866 1487 2945 piaveris
1512 2883 1669 2941 aras,

295 2954 366 3007 2⁰
485 2947 746 3009 Luxerit
763 2953 831 3008 et
849 2954 982 3009 tota
1000 2949 1241 3008 flamma
1257 2946 1531 3009 secunda
1555 2946 1757 3027 domo,

403 3030 500 3090 Sit
520 3050 769 3094 mensae
792 3034 976 3109 ratio,
997 3050 1242 3111 noxque
1262 3033 1432 3091 inter
1454 3029 1679 3111 pocula
1703 3037 1931 3109 currat,

481 3115 565 3175 Et
587 3118 836 3177 crocino
857 3116 1024 3175 naris
1047 3132 1331 3193 murreus
1352 3121 1539 3193 ungat
1560 3134 1741 3193 onyx,

403 3197 588 3258 Tibia
607 3201 929 3260 nocturnis
953 3199 1309 3258 succumbat
1331 3217 1516 3258 rauca
1537 3199 1805 3275 choreis,

479 3281 566 3340 Et
587 3282 712 3341 sint
730 3284 1045 3361 nequitiae
1066 3278 1270 3342 libera
1289 3283 1479 3342 verba
1499 3288 1666 3359 tuae,

293 3370 360 3423 25
403 3360 748 3441 Dulciaque
767 3366 1042 3443 ingratos
1065 3364 1335 3426 adimant
1354 3366 1627 3425 convivia
1648 3380 1915 3437 somnos,

481 3444 743 3506 Publica
761 3449 996 3508 vicinae
1017 3453 1375 3529 perstrepat
1396 3467 1543 3508 aura
1561 3448 1729 3507 viae:
