2592 3867
421 176 508 241 88
706 182 721 195 “
1020 168 1741 234 PROPERTII

592 342 837 401 Dicam:
883 338 1077 400 Troia
1099 336 1282 399 cades
1304 342 1372 398 et
1394 336 1625 397 Troica
1642 334 1837 396 Roma
1856 355 2173 419 resurges,

671 426 756 485 Et
774 424 960 485 maris
983 428 1052 483 et
1075 428 1284 483 terrae
1310 422 1495 499 longa
1515 418 2050 500 sepulcraocanam.

590 509 732 569 Dixi
753 526 892 587 ego,
916 526 1052 567 cum
1075 506 1353 586 geminos
1372 502 1753 586 produceret
1772 505 1959 565 Arria
1979 513 2181 587 natos,

487 600 558 655 90
685 586 844 676 (111ι
865 590 1049 651 dabat
1069 590 1230 650 natis
1251 608 1420 649 arma
1438 593 1687 649 vetante
1712 582 1877 673 deo]

594 675 732 736 Non
751 693 938 756 posse
960 673 1038 734 ad
1057 674 1293 753 patrios
1316 692 1423 733 sua
1443 670 1573 751 pila
1592 671 1840 733 referre
1858 670 2159 757 Penates:

673 758 910 838 Nempe
933 775 1131 818 meam
1150 757 1401 817 firmant
1419 774 1581 816 nunc
1606 754 1725 815 duo
1746 757 1927 816 busta
1946 756 2153 822 fidem.

594 842 837 923 Quippe
855 842 1197 923 Lupercus,
1219 841 1365 919 equi
1388 837 1531 899 dum
1553 840 1757 900 saucia
1775 841 2052 919 protegit
2072 862 2205 921 ora,

673 926 818 987 Heu
839 926 958 986 sibi
977 923 1268 1005 prolapso
1288 942 1415 984 non
1434 925 1602 983 bene
1622 923 1781 983 cavit
1800 941 1991 1002 equo:

485 1018 552 1073 95
597 1008 812 1070 Gallus
834 1016 918 1087 at,
943 1010 1010 1069 in
1034 1009 1254 1069 castris
1277 1006 1421 1068 dum
1444 1005 1681 1069 credita
1700 1008 1875 1085 signa
1892 1013 2125 1087 tuetur,

678 1092 970 1154 Concidit
993 1098 1138 1153 ante
1163 1090 1403 1171 aquilae
1424 1098 1629 1151 rostra
1650 1096 1907 1151 cruenta
1928 1110 2091 1153 suae.

592 1176 841 1238 Fatales
863 1178 1065 1258 pueri,
1089 1176 1210 1236 duo
1231 1176 1455 1235 funera
1474 1175 1687 1235 matris
1710 1192 1947 1254 avarae,

676 1260 866 1337 Vera,
889 1258 1003 1320 sed
1023 1260 1239 1336 invito,
1263 1259 1527 1337 contigit
1544 1260 1665 1319 ista
1681 1256 1858 1319 fides.

590 1342 764 1405 Idem
785 1362 922 1421 ego,
945 1361 1082 1402 cum
1105 1343 1369 1402 Ginarae
1390 1342 1675 1402 traheret
1694 1342 1927 1402 Lucina
1949 1341 2197 1402 dolores

447 1435 549 1489 100
563 1459 579 1467 -
666 1428 750 1487 Et
769 1426 1055 1485 facerent
1074 1426 1240 1485 uteri
1259 1423 1539 1505 pondera
1557 1424 1731 1485 lenta
1751 1445 2000 1503 moram,

588 1510 836 1571 Iunonis
853 1515 1063 1569 votum
1082 1509 1272 1569 facite
1291 1509 1689 1589 inpetrabile,
1710 1507 1869 1569 dixi:

670 1592 788 1653 llla
811 1594 1006 1674 paritz
1047 1591 1232 1652 libris
1253 1600 1353 1653 est
1374 1591 1515 1653 data
1532 1592 1737 1673 palma
1756 1594 1930 1657 meis.

587 1677 725 1738 Hoc
745 1696 952 1756 neque
975 1677 1347 1737 harenosum
1367 1678 1601 1757 Libyae
1622 1670 1778 1738 Iovis
1802 1674 2070 1759 explicat
2090 1681 2334 1735 antrum

673 1760 798 1822 Aut
825 1762 944 1821 sibi
967 1762 1322 1821 commissos
1342 1760 1501 1821 fibra
1520 1759 1727 1822 locuta
1750 1759 1923 1840 deos,

443 1852 543 1905 105
584 1846 712 1905 Aut
733 1846 785 1905 si
809 1845 946 1924 quis
971 1851 1168 1905 motas
1191 1846 1459 1905 cornicis
1481 1847 1751 1907 senserit
1774 1842 1924 1923 alas,

670 1929 978 1989 Umbrave
1001 1947 1158 2007 quae
1179 1930 1433 2007 magicis
1453 1937 1693 1990 mortua
1711 1928 1924 2008 prodit
1947 1928 2136 2008 aquis.

589 2010 968 2090 Aspicienda
985 2013 1083 2070 via
1103 2017 1204 2073 est
1223 2011 1383 2073 caeli
1404 2030 1709 2091 verusque
1728 2029 1845 2089 per
1864 2018 2029 2070 astra
2051 2072 2057 2079 ,

672 2094 932 2153 Trames
955 2100 1024 2153 et
1044 2096 1118 2155 ab
1141 2098 1315 2156 zonis
1338 2096 1609 2174 quinque
1628 2092 1901 2175 petenda
1920 2091 2099 2151 fides.

593 2177 956 2257 Exemplum
978 2196 1162 2255 grave
1176 2181 1301 2239 erit
1315 2176 1573 2239 Calchas
1584 2198 1603 2236 ε
1630 2194 1893 2255 namque
1909 2174 2135 2237 Aulide
2148 2175 2335 2237 solvit

326 2267 335 2275 “
438 2272 544 2323 110
633 2266 640 2272 ’
663 2259 778 2321 Ille
798 2263 960 2322 bene
982 2262 1318 2323 haerentes
1338 2261 1417 2322 ad
1434 2262 1536 2341 pia
1557 2278 1699 2321 saxa
1716 2267 1920 2321 rates:

582 2342 753 2404 Idem
775 2345 1292 2423 Agamemnoniae
1313 2345 1551 2405 ferrum
1575 2346 1817 2405 cervice
1838 2342 2090 2424 puellae

667 2428 902 2506 Tinxit,
931 2433 998 2488 et
1020 2425 1276 2488 Atrides
1297 2426 1434 2489 vela
1456 2434 1713 2489 cruenta
1734 2426 1943 2489 dedit:

582 2512 714 2573 Nec
734 2512 987 2573 rediere
1007 2519 1216 2572 tamen
1234 2512 1459 2573 Danai:
1496 2518 1568 2573 tu
1588 2511 1795 2573 diruta
1814 2514 2029 2574 fletum

665 2596 994 2678 Supprime
1017 2602 1084 2655 et
1103 2596 1417 2658 Euboicos
1435 2599 1706 2677 respice,
1731 2597 1944 2675 Troia,
1960 2596 2153 2659 sinus.

343 2712 348 2716 ·
433 2688 535 2741 115
575 2679 872 2761 Nauplius
893 2678 1132 2740 ultores
1155 2682 1267 2739 sub
1287 2687 1536 2740 noctem
1555 2682 1825 2760 porrigit
1844 2682 2023 2759 ignes

657 2764 742 2825 Et
761 2769 934 2823 natat
954 2764 1186 2822 exuviis
1209 2763 1477 2824 Graecia
1494 2782 1715 2843 pressa
1736 2765 1881 2824 suia.

578 2846 798 2908 Victor
823 2845 1086 2924 Oiliade,
1106 2864 1258 2925 rape
1277 2863 1443 2905 nunc
1464 2853 1532 2907 et
1554 2846 1743 2925 dilige
1765 2854 1987 2925 vatem,

661 2931 854 3005 Quam
875 2936 1045 2990 vetat
1064 2926 1245 3008 ayelli
1267 2934 1442 2989 veste
1464 2930 1749 2989 Minerva
1770 2948 1895 2989 sua.

577 3012 895 3073 Hactenus
921 3014 1253 3073 historiae:
1295 3031 1459 3071 nunc
1483 3011 1561 3071 ad
1580 3018 1687 3073 tua
1708 3011 1977 3091 deve-har
1998 3016 2163 3072 astra
2181 3030 2198 3069 ε

431 3104 534 3156 120
653 3095 866 3173 Incipe
886 3105 956 3153 tu
984 3096 1266 3157 lacrimis
1282 3114 1513 3175 aequus
1534 3095 1751 3169 adesse
1772 3095 1966 3157 novis.

575 3178 832 3237 Umbria
853 3182 920 3237 te
941 3180 1106 3239 notis
1129 3181 1381 3257 antiqua
1400 3179 1735 3239 Penatibus
1760 3176 1915 3257 edit,

659 3251 983 3345 (Mentior
997 3262 1030 3321 2²
1073 3280 1151 3320 an
1170 3262 1411 3340 patriae
1432 3263 1707 3341 tangitur
1728 3281 1839 3321 ora
1857 3268 2001 3323 tuae
2016 3256 2091 3347 ἓ)

578 3345 710 3421 Qua
730 3342 1031 3405 nebulosa
1051 3363 1198 3404 cavo
1220 3351 1395 3405 rorat
1413 3346 1698 3406 Mevania
1720 3364 1955 3426 campo,

651 3427 736 3487 Et
756 3425 926 3489 lacus
949 3428 1196 3487 aestivis
1217 3429 1462 3506 intepet
1480 3428 1715 3489 Umber
1738 3430 1933 3508 aquis,
