2592 3867
777 213 1687 298 monuwa-08.-
2080 220 2163 287 67

308 392 377 445 15
420 382 546 443 Seu
565 380 844 442 timidam
868 382 1089 441 crebro
1115 381 1429 441 dementia
1450 385 1683 443 somnia
1703 390 1969 465 terrent,

503 466 630 526 Seu
652 466 942 524 mineram
961 466 1027 523 in
1046 464 1258 525 tabula
1281 466 1450 545 picta
1476 466 1681 545 puella
1702 474 1937 543 movet3

420 550 538 610 His
562 566 678 627 ego
701 550 1030 609 tormentis
1053 550 1237 608 animi
1257 568 1391 609 sum
1412 566 1595 609 verus
1618 570 1900 632 aruspex,

501 632 629 716 Has
654 628 854 691 didici
865 638 1040 691 certo
1063 636 1252 712 saepe
1270 634 1338 691 in
1361 651 1568 692 amore
1592 630 1787 695 notas.

418 716 557 777 Non
579 720 676 777 est
695 722 868 775 certa
884 713 1064 793 fides,
1089 735 1270 794 quam
1290 735 1417 776 non
1438 718 1663 777 iniuria
1683 724 1919 779 vernat:

309 809 380 861 20
503 800 804 861 Hostibus
827 800 1072 859 eveniat
1091 797 1266 860 lenta
1283 799 1496 879 puella
1517 803 1691 865 meis,
1826 850 1839 863 .

419 884 694 944 Inmorno
716 881 1006 962 aequales
1024 881 1276 943 videant
1293 902 1431 943 mea
1449 884 1703 945 vulnera
1724 884 1914 946 collo:

406 983 442 1051 '⁸
501 968 612 1028 Me
635 966 858 1027 doceat
876 965 1037 1026 livor
1058 984 1296 1025 mecum
1318 967 1606 1027 habuisse
1630 985 1843 1030 meam.

419 1052 546 1111 Aut
571 1052 636 1109 in
661 1068 870 1109 amore
893 1048 1114 1110 dolere
1135 1048 1277 1109 volo
1307 1056 1411 1109 aut
1430 1048 1647 1110 audire
1670 1049 2010 1129 dolentem,

505 1134 648 1193 Sive
669 1151 835 1192 meas
855 1132 1140 1193 lacrimas
1162 1134 1290 1193 sive
1312 1131 1529 1194 videre
1553 1140 1719 1193 tuam
1826 1189 1833 1201 ,

309 1226 378 1278 25
425 1217 624 1278 Tecta
647 1214 996 1298 superciliis
1021 1218 1074 1275 si
1098 1216 1341 1296 quando
1363 1219 1553 1278 verba
1572 1219 1861 1297 remittis,

504 1303 634 1362 Aut
649 1307 756 1361 tua
778 1318 913 1361 cum
937 1300 1146 1378 digitis
1169 1302 1403 1381 scripta
1422 1300 1663 1361 silenda
1684 1308 1879 1361 notas,

424 1383 544 1445 Odi
573 1404 710 1464 ego,
747 1404 931 1464 quum
951 1404 1278 1464 numquam
1297 1392 1579 1465 pungunt
1600 1386 1864 1465 suspiria
1886 1403 2160 1445 somnost

505 1468 766 1550 Semper
785 1471 852 1528 in
871 1470 1031 1529 irata
1048 1468 1315 1548 pallidus
1340 1488 1479 1529 esse
1501 1468 1707 1530 velim.

421 1550 677 1613 Dulcior
697 1554 859 1630 ignis
880 1558 1016 1612 erat
1035 1552 1270 1629 Paridi,
1294 1572 1430 1612 cum
1452 1554 1639 1614 Graia
1660 1572 1776 1633 per
1798 1572 1964 1613 arma

312 1645 384 1699 30
505 1633 853 1715 Tyndaridi
872 1640 1122 1713 poterat
1142 1635 1361 1711 gaudia
1380 1637 1553 1695 ferre
1574 1655 1737 1697 suae.

420 1720 579 1782 Dum
599 1720 854 1777 vincunt
872 1718 1087 1795 Danai,
1111 1716 1254 1776 dum
1274 1723 1476 1778 restat
1491 1720 1789 1778 barbarus
1810 1720 2069 1798 Hector,

502 1800 618 1861 Ille
639 1800 922 1861 Helenae
944 1802 1010 1860 in
1035 1802 1270 1879 gremio
1293 1802 1551 1860 maxima
1571 1800 1739 1860 bella
1761 1803 1939 1878 gerit.

421 1886 548 1945 Aut
569 1892 774 1959 tecum
795 1893 899 1945 aut
917 1904 1033 1964 pro
1056 1892 1124 1944 te
1145 1884 1297 1943 mihi
1320 1904 1457 1944 cum
1479 1880 1773 1943 rivalibus
1796 1902 1962 1943 arma

505 1968 767 2050 Semper
790 1977 974 2028 erunt
988 1990 1006 2027 ε
1047 1970 1114 2028 ln
1135 1975 1200 2028 te
1221 1988 1340 2047 pax
1360 1968 1511 2027 mihi
1530 1965 1700 2027 nulla
1720 1965 1942 2047 placet.

312 2062 381 2117 35
427 2053 662 2132 Gaude,
688 2052 854 2133 quod
873 2050 1046 2112 nulla
1071 2058 1170 2113 eat
1191 2070 1387 2131 aeque
1410 2052 1710 2111 formosa:
1756 2049 2028 2129 doleres,

505 2138 572 2198 Si
595 2158 714 2217 qua
734 2138 933 2198 foret:
975 2156 1138 2197 nunc
1160 2138 1244 2196 sin
1265 2136 1405 2196 iure
1424 2136 1693 2216 superba
1713 2134 1883 2197 licet.

423 2223 508 2281 At
528 2222 794 2301 tibi,=qui
815 2227 1030 2282 nostro
1051 2222 1278 2280 nexisti
1300 2222 1463 2281 retia
1482 2218 1672 2298 lecto,

505 2305 603 2365 Sit
623 2323 803 2366 socer
827 2311 1149 2365 aeternum
1169 2324 1292 2368 nec
1312 2304 1445 2364 sine
1468 2310 1666 2364 matre
1692 2301 1923 2365 domun.

425 2388 538 2449 ctu·
561 2409 724 2449 nunc
753 2391 808 2450 ai
835 2410 953 2468 qua
973 2388 1116 2449 data
1138 2395 1236 2463 est
1257 2388 1559 2449 furandae
1585 2388 1761 2467 copia
1782 2388 2005 2465 noctis,

314 2480 385 2533 40
510 2473 764 2533 Offensa
781 2471 898 2531 illa
918 2473 1090 2547 mihi,
1111 2491 1237 2532 non
1257 2474 1377 2530 tibi
1400 2473 1611 2546 amica,
1634 2469 1829 2530 dedit.

339 2602 394 2696 8
423 2602 785 2714 Maecenas,
809 2653 1002 2713 eques
1025 2636 1289 2695 Etrusco
1314 2634 1394 2694 de
1418 2635 1713 2712 nanguine
1734 2650 1969 2710 regum,
2108 2598 2162 2690 9

507 2722 676 2781 Intra
695 2720 1005 2780 fortunam
1029 2719 1133 2797 qui
1157 2719 1329 2797 cupis
1353 2737 1492 2778 esse
1516 2724 1701 2794 tuam,

428 2802 592 2881 Quid
613 2821 712 2863 me
735 2801 1051 2863 scribendi
1071 2809 1196 2863 tam
1218 2809 1453 2863 vastum
1475 2801 1669 2862 mittis
1689 2801 1758 2859 in
1778 2818 2008 2878 aequor
2021 2801 2053 2858 ’ἒ

507 2888 645 2948 Non
669 2893 812 2947 sunt
834 2892 975 2967 apta
994 2905 1169 2947 meae
1195 2887 1451 2966 grandia
1470 2884 1611 2947 vela
1629 2885 1769 2943 rati.

333 2980 384 3045 ‚5
429 2971 644 3053 Turpe
666 2978 784 3050 est,
810 2970 975 3051 quod
993 2988 1288 3052 nequeas,
1314 2972 1500 3051 capiti
1523 2969 1911 3035 committere
1922 2965 2163 3048 pondus

505 3056 590 3117 Et
608 3074 892 3136 prensum
912 3056 1139 3116 inflexo
1161 3075 1303 3116 mox
1326 3053 1475 3114 dare
1496 3060 1677 3131 terga
1696 3070 1875 3131 genu.

428 3139 646 3199 Omnia
666 3159 791 3199 non
811 3141 1050 3220 pariter
1071 3158 1282 3199 rerum
1305 3144 1449 3198 sunt
1470 3138 1749 3199 omnibus
1774 3142 1935 3216 apta,

505 3222 694 3283 Fama
713 3242 831 3283 nec
854 3242 930 3283 ex
953 3241 1150 3302 aequo
1177 3221 1422 3282 ducitur
1443 3220 1568 3282 ulla
1590 3223 1752 3299 iugo.

345 3376 350 3382 ‚
425 3304 644 3367 Gloria
663 3305 933 3387 Lysippo
961 3313 1059 3366 est
1079 3308 1349 3366 animosa
1370 3306 1673 3383 effingere
1697 3304 1893 3380 signa,

322 3400 391 3453 10
511 3390 760 3467 Exactis
783 3389 1045 3450 Calamis
1067 3408 1136 3450 se
1156 3390 1308 3449 mihi
1326 3390 1518 3449 iactat
1539 3389 1737 3467 equis,

428 3474 494 3536 ln
517 3472 788 3535 Venerin
807 3473 1015 3567 tabula
1036 3492 1329 3534 summam
1350 3474 1470 3533 sibi
1490 3464 1967 3606 ponitgisspellae,
