2592 3867
832 210 1218 275 LIBER
1302 210 1649 293 I‚3‚4,·5.
2000 271 2007 277 .
2150 218 2217 283 5·

346 390 416 447 25
457 382 598 446 Non
616 378 750 441 ullo
774 381 1017 458 gravius
1045 385 1387 459 temptatur
1408 380 1675 459 Cynthia
1698 382 1939 461 damno,

305 487 310 491 ·
540 465 736 542 Quam
757 464 878 523 sibi
900 483 1038 523 cum
1061 472 1238 543 rapto
1262 472 1465 524 cessat
1486 483 1693 525 amore
1718 466 1891 543 deus,

455 550 802 629 Praecipue
824 552 1058 607 nostro.
1099 553 1346 606 maneat
1365 548 1455 607 sic
1479 567 1747 629 semper,
1772 550 1983 629 adoro,

538 632 672 693 Nec
695 631 1019 711 quicquam
1043 648 1118 689 ex
1141 629 1248 690 illa
1270 630 1437 709 quod
1460 650 1687 711 querar
1710 635 2029 698 inveniam.

370 764 420 860 5
453 768 695 877 luvitle,
715 805 786 858 tu
807 798 1060 859 tandem
1079 817 1264 858 voces
1287 817 1611 879 compesce
1630 800 1922 862 molestas

535 885 622 946 Et
643 884 778 943 sine
803 900 918 941 nos
941 902 1145 959 cursu,
1177 902 1298 962 quo
1322 902 1547 960 sumus,
1568 884 1666 943 ire
1688 902 1891 964 pares.

457 967 622 1045 Quid
644 968 762 1028 tibi
779 965 894 1043 vis,
921 966 1137 1024 insane
1149 967 1182 1023 ‘3
1203 976 1206 978 ’
1223 985 1395 1026 meos
1415 966 1651 1027 sentire
1672 968 1919 1029 furores
1932 969 1965 1028 ‘3

540 1049 782 1128 Infelix,
801 1066 1104 1129 properas
1125 1048 1339 1109 ultima
1356 1068 1539 1109 nosse
1561 1050 1717 1109 mala

383 1143 418 1197 5
457 1136 545 1197 Et
563 1136 756 1195 miser
781 1135 1027 1211 ignotos
1048 1134 1309 1211 vestIgia
1330 1132 1503 1194 ferre
1523 1152 1639 1213 per
1660 1136 1837 1213 ignes

539 1220 626 1280 Et
643 1219 863 1278 bibere
886 1236 922 1275 e
945 1222 1078 1275 tota
1099 1218 1303 1278 toxica
1324 1216 1667 1280 Thessalia.

455 1302 597 1362 Non
618 1309 715 1362 est
733 1299 842 1361 illa
861 1300 1028 1378 vagis
1049 1300 1270 1361 similis
1293 1299 1515 1361 collata
1534 1299 1791 1380 puellis:

442 1395 450 1401 “
539 1384 826 1448 Molliter
842 1384 1030 1452 irasci
1047 1404 1176 1445 non
1196 1382 1360 1445 solet
1377 1382 1489 1444 illa
1510 1384 1645 1445 tibi.

457 1468 638 1546 Quod
657 1470 712 1528 si
731 1469 900 1529 forte
921 1468 1045 1527 tuis
1069 1488 1192 1528 non
1217 1474 1316 1529 est
1336 1470 1645 1528 contraria
1666 1468 1847 1547 votis,

311 1615 314 1618 .
349 1565 418 1617 10
539 1554 625 1614 At
645 1554 760 1613 tibi
785 1570 1068 1613 curarum
1087 1551 1256 1612 milia
1278 1558 1507 1631 quanta
1529 1551 1716 1613 dabit.

454 1638 594 1697 Non
614 1636 732 1695 tibi
751 1638 874 1695 iam
893 1654 1162 1712 somnos,
1191 1653 1318 1694 non
1338 1634 1450 1694 illa
1466 1636 1785 1715 relinquet
1806 1634 2073 1697 ocellos=

537 1718 650 1779 flla
669 1719 842 1777 feros
867 1718 1084 1777 animis
1107 1716 1342 1795 adligat
1360 1736 1481 1777 una
1498 1720 1683 1779 viros.

458 1804 558 1863 Ah
580 1820 720 1861 mea
740 1806 1130 1880 contemptus
1155 1802 1443 1879 quotiens
1464 1800 1545 1861 ad
1563 1800 2035 1881 limina‘curres,

542 1888 697 1947 Cum
723 1886 839 1944 tibi
869 1882 1144 1961 singultu
1167 1885 1357 1944 fortia
1376 1887 1565 1943 verba
1587 1884 1831 1963 cadent,

347 1979 416 2033 15
455 1972 542 2033 Et
560 1967 862 2029 tremulus
883 1970 1136 2028 maestis
1159 1970 1401 2028 orietur
1420 1970 1671 2029 fletibus
1692 1970 1940 2049 horror,

536 2055 621 2116 Et
646 2055 833 2113 timor
851 2053 1186 2113 informem
1207 2051 1397 2113 ducet
1415 2054 1480 2113 in
1506 2072 1617 2113 ore
1638 2060 1868 2131 notam,

452 2140 537 2198 Et
561 2154 982 2217 quaecumque
1001 2135 1174 2196 voles
1193 2136 1437 2215 fugient
1456 2138 1573 2197 tibi
1594 2140 1785 2199 verba
1807 2140 2117 2219 querenti,

537 2222 668 2293 Nec
689 2222 952 2302 poteris,
976 2221 1083 2299 qui
1105 2221 1190 2280 sis
1214 2226 1318 2281 aut
1338 2222 1465 2299 ubi,
1500 2240 1683 2282 nosse
1704 2222 1912 2289 miser.

457 2304 618 2365 Tum
640 2322 824 2383 grave
849 2306 1168 2365 servitium
1187 2311 1439 2367 nostrae
1464 2324 1690 2383 cogere
1712 2305 1963 2385 puellae
2215 2355 2231 2369 ι

346 2397 419 2451 20
537 2388 798 2449 Discere
823 2394 889 2448 et
911 2386 1227 2448 exclusum
1251 2389 1403 2468 quid
1424 2391 1507 2449 sit
1529 2390 1701 2450 abire
1726 2389 2006 2464 domum;
2214 2412 2247 2461 ,εἰ

452 2473 626 2533 Nec
605 2492 727 2533 lam
746 2472 1053 2573 pallorem
1074 2474 1307 2532 totiens
1328 2474 1641 2533 mirabere
1662 2480 1964 2550 nostrum,

538 2558 666 2615 Aut
688 2576 798 2615 cur
821 2558 934 2615 sim
955 2561 1090 2615 toto
1115 2574 1381 2634 corpore
1401 2555 1607 2615 nunus
1632 2574 1769 2633 ego.

454 2638 587 2699 Nec
612 2639 726 2697 tibi
747 2636 1040 2697 nobilitas
1059 2638 1301 2737 poterit
1320 2656 1688 2698 succurrere
1714 2641 1974 2698 amanti.

533 2721 750 2782 Nescit
769 2721 962 2781 Amor
982 2721 1206 2800 priscis
1229 2720 1457 2781 cedere
1480 2721 1865 2799 imaginibus.

345 2815 415 2867 25
461 2804 642 2883 Quod
669 2806 723 2865 si
741 2825 930 2886 parva
953 2811 1097 2865 tuae
1121 2802 1373 2865 dederis
1397 2806 1655 2883 vestigia
1682 2803 1924 2885 culpae,
1950 2848 1958 2851 -

537 2889 732 2966 Quam
754 2892 879 2949 cito
905 2888 985 2949 de
1007 2894 1178 2949 tanto
1201 2890 1451 2949 nomine
1472 2908 1685 2949 rumor
1706 2890 1869 2950 eris!

453 2975 512 3034 N
513 2993 595 3034 on
617 2992 733 3053 ego
755 2980 887 3033 tum
905 2978 1128 3054 potero
1151 2972 1373 3034 solatia
1393 2972 1566 3033 ferre
1588 2975 1855 3053 roganti,
1946 2998 1948 3001 ⁴

541 3058 695 3118 Cum
715 3058 870 3118 mihi
889 3056 1066 3117 nulla
1087 3058 1210 3117 mei
1231 3058 1316 3117 sit
1336 3056 1643 3118 medicina
1662 3055 1831 3135 mali,

457 3140 586 3203 Sed
605 3144 846 3222 pariter
863 3142 1079 3202 miseri
1103 3141 1270 3200 socio
1295 3160 1585 3219 cogemur
1607 3160 1815 3201 amore

350 3234 422 3289 30
544 3225 766 3285 Alter
745 3244 812 3285 ιιι
836 3224 1092 3286 alterius
1117 3231 1327 3284 mutua
1348 3226 1505 3285 flere
1526 3227 1684 3285 sinu.

461 3310 688 3387 Quare,
713 3308 867 3388 quid
880 3310 1109 3409 possit
1101 3323 1238 3368 mea
1257 3308 1546 3388 Cynthia,
1570 3307 1809 3385 desine,
1836 3304 2037 3383 Galle,

543 3393 890 3468 Quaerere.
936 3411 1060 3454 non
1091 3392 1322 3471 inpune
1344 3392 1453 3453 illa
1473 3397 1687 3470 rogata
1706 3390 1898 3449 venit.

2218 2212 2234 2249 1

2214 2823 2257 3151 νκθ-,ὶιξζ-ἁὶι
2216 2738 2241 2779 ffi-
2218 2608 2245 2655 ’Ἰὼ
