2592 3867
687 198 1641 281 .L1BER1V‚1‚2,3.
2080 206 2165 271 σι

500 366 992 446 Pendebantque
1014 369 1176 427 cavis
1195 374 1487 447 tympana
1505 371 1865 447 pumicibus.

419 450 589 530 Ergo
612 451 930 511 Musarum
951 460 1020 510 et
1039 448 1241 511 Sileni
1257 453 1454 531 patris
1475 453 1674 531 imago

313 540 384 595 30
503 534 748 596 Fictilis
773 541 840 594 et
861 533 1099 612 calami,
1119 536 1249 595 Pan
1277 535 1588 615 Tegeaee,
1612 538 1723 615 tui,

418 617 504 679 Et
522 617 792 680 Veneris
817 617 1098 678 dominae
1118 616 1427 697 volucres,
1461 639 1599 680 mea
1619 623 1820 700 turba,
1846 622 2161 687 columbae

505 701 781 781 Tingunt
805 702 1120 780 Gorgonio
1141 703 1376 763 Punica
1395 710 1603 764 rostra
1618 702 1780 784 lacu,

417 784 839 864 Diversaeque
863 804 1086 848 novem
1107 788 1366 847 sortitae
1388 806 1536 848 rura
1558 787 1807 869 puellae

498 869 814 931 Exercent
832 876 1086 931 teneras
1104 872 1173 930 in
1191 890 1301 931 sua
1322 871 1483 932 dona
1503 891 1733 934 manus.

307 959 376 1013 35
417 952 590 1013 Haec
623 953 892 1013 hederas
925 952 1085 1032 legit
1103 955 1169 1013 in
1191 956 1461 1033 thyrsos,
1486 956 1641 1016 haec
1666 959 1934 1018 carmina
1954 961 2159 1021 nervis

405 1032 411 1037 ’
497 1038 710 1116 Aptat‚
737 1043 801 1096 at
818 1035 928 1096 illa
950 1056 1131 1097 manu
1151 1039 1309 1099 texit
1328 1044 1591 1117 utraque
1613 1059 1833 1102 rosam.

412 1118 468 1180 E
495 1138 752 1198 quarum
772 1139 1030 1181 numero
1052 1140 1150 1181 me
1175 1124 1439 1201 contigit
1462 1140 1583 1182 una
1604 1121 1887 1183 dearum:

495 1204 585 1265 Ut
603 1222 752 1264 reor
773 1225 808 1264 a
827 1204 1010 1283 facie,
1034 1204 1355 1286 Calliopea
1374 1206 1529 1266 fuit:

415 1286 788 1348 ‘Contentus
805 1290 1004 1349 niveis
1025 1308 1272 1371 semper
1291 1292 1623 1351 vectabere
1647 1293 1883 1371 cycnis,
1934 1332 1949 1345 .

308 1376 380 1431 40
499 1371 631 1431 Nec
653 1377 718 1432 te
740 1372 924 1433 fortis
948 1376 1094 1452 equi
1117 1373 1309 1434 ducet
1326 1373 1406 1434 ad
1427 1394 1595 1435 arma
1616 1393 1820 1438 nonus.

410 1451 516 1515 Nil
534 1456 651 1515 tibi
677 1458 762 1516 sit
779 1476 966 1517 rauco
987 1459 1321 1538 praeconia
1338 1456 1595 1519 classica
1616 1477 1811 1519 cornu

491 1538 680 1599 Flare
705 1558 824 1600 nec
845 1541 1110 1602 Aonium
1133 1544 1387 1620 cingere
1408 1543 1617 1602 Marte
1638 1560 1874 1621 nemus,

411 1623 538 1683 Aut
559 1623 778 1700 quibu·
798 1624 866 1682 in
887 1626 1116 1704 campis
1140 1626 1423 1685 Mariano
1444 1625 1683 1705 proelia
1705 1628 1878 1704 signo

498 1705 682 1764 Stent
704 1711 772 1765 et
795 1705 1174 1766 Teutonicas
1192 1708 1388 1766 Roma
1408 1708 1715 1789 refringat
1738 1726 1909 1787 opes,

303 1796 375 1850 45
416 1788 724 1848 Barbarus
750 1794 856 1847 aut
877 1788 1076 1849 Suevo
1101 1790 1393 1870 perfusus
1416 1792 1711 1869 sanguine
1732 1791 1986 1851 Rhenus

496 1871 714 1932 Saucia
733 1875 1039 1933 maerenti
1061 1893 1327 1955 corpora
1345 1880 1555 1934 vectet
1576 1893 1748 1953 aqua.

412 1955 658 2035 Quippe
681 1963 1010 2017 coronatos
1037 1955 1306 2019 alienum
1329 1957 1407 2018 ad
1430 1957 1625 2019 limen
1650 1963 1922 2017 amantes

494 2040 552 2099 N
553 2045 972 2120 octurnaeque
995 2061 1180 2103 canes
1202 2044 1377 2103 ebria
1397 2044 1572 2121 signa
1591 2043 1794 2121 fugae,

281 2150 290 2161 ¹
412 2124 500 2188 Ut
519 2142 636 2203 per
657 2130 723 2184 te
748 2121 982 2185 clausas
1005 2128 1164 2187 sciat
1183 2133 1511 2187 excantare
1531 2125 1792 2207 puellas,

301 2214 375 2269 50
497 2207 617 2282 Qui
639 2206 810 2270 volet
831 2216 1111 2272 austeros
1135 2217 1268 2271 arte
1289 2212 1489 2272 ferire
1510 2212 1722 2273 viros?

412 2289 591 2351 Talia
613 2290 916 2373 Calliope,
937 2291 1333 2377 lymphisque
1358 2316 1392 2355 a
1412 2296 1589 2356 fonte
1609 2295 1827 2377 petitis

493 2375 617 2435 Ora
636 2375 959 2438 Philetaea
978 2386 1194 2440 nostra
1217 2381 1441 2459 rigavit
1461 2398 1632 2458 aqua.

323 2506 374 2598 3
406 2508 604 2602 Arma
622 2541 775 2601 deus
801 2543 1032 2603 Caesar
1057 2542 1232 2601 dItes·
1245 2543 1584 2602 meditatur
1606 2542 1686 2602 ad
1703 2542 1907 2622 Indos,
2093 2508 2152 2601 4

486 2625 571 2684 Et
589 2623 756 2707 freta
777 2626 1126 2704 gemmiferi
1145 2624 1392 2685 findere
1416 2625 1614 2685 classe
1636 2628 1843 2687 maris.

407 2702 654 2786 Magna,
675 2708 814 2786 viri,
838 2726 1110 2769 merces:
1146 2715 1326 2788 parat
1346 2708 1563 2770 ultima
1580 2714 1756 2769 terra
1773 2710 2149 2791 triumphos:

491 2791 702 2870 Tigris
726 2797 792 2852 et
810 2792 1164 2872 Euphrates
1187 2794 1298 2853 sub
1322 2800 1429 2853 tua
1444 2796 1583 2853 iura
1602 2794 1831 2853 fluent=

333 2882 365 2935 5
411 2874 585 2953 Sera,
612 2873 723 2935 sed
744 2877 1035 2937 Ausoniis
1056 2880 1269 2937 veniet
1287 2879 1607 2959 provincia
1624 2878 1845 2955 virgis:

487 2958 879 3021 Adsuescent
899 2959 1078 3021 Latio
1101 2962 1334 3022 Partha
1352 2968 1611 3043 tropaea
1629 2960 1774 3023 Iovi.

406 3043 499 3102 lte
523 3045 707 3122 agite,
738 3051 1036 3125 expertae
1055 3043 1229 3106 bello
1255 3044 1401 3106 date
1420 3045 1617 3107 lintea
1636 3058 1861 3127 prorae

485 3127 572 3188 Et
592 3126 839 3189 solitum
860 3130 1151 3208 armigeri
1175 3128 1383 3189 ducite
1404 3148 1621 3191 munus
1644 3132 1809 3211 equi.

408 3210 626 3271 Omina
645 3212 846 3273 fausta
868 3232 1052 3273 cano:
1096 3213 1354 3275 Crassos
1377 3212 1741 3296 clademque
1762 3215 1964 3295 piate:

298 3301 368 3353 10
488 3294 581 3354 Ite
603 3304 670 3353 et
689 3295 999 3357 Romanae
1022 3296 1329 3358 consulite
1350 3300 1669 3361 historiae.

401 3377 575 3439 Mars
597 3384 777 3457 pater
800 3386 866 3440 et
888 3400 1098 3443 sacrae
1120 3381 1332 3442 fatalia
1349 3381 1585 3444 lumina
1604 3384 1858 3457 Vestae,

482 3462 648 3522 Ante
670 3479 840 3523 meos
863 3466 1066 3526 obitus
1090 3466 1191 3544 sit,
1211 3484 1460 3547 precor,
1481 3467 1591 3528 illa
1612 3464 1770 3541 dies,
