2592 3867
600 180 989 245 LIBER
1067 184 1565 263 lv,23‚24,25.
1653 185 1819 265 v,1.

278 400 396 494 25
427 398 628 494 Risus
651 448 818 493 cram
845 432 1066 513 positis
1087 433 1256 493 inter
1277 435 1551 495 convivia
1572 438 1822 515 mensis,

503 518 589 579 Et
609 516 689 578 de
711 535 812 577 me
831 520 1080 596 poterat
1108 514 1374 595 quilibet
1392 535 1533 577 esse
1555 518 1795 598 loquax.

427 602 714 680 Quinque
735 601 852 661 tibi
872 600 1047 679 potui
1067 600 1305 659 servire
1323 599 1601 661 fideliter
1628 622 1852 663 annos:

504 686 725 763 Ungue
748 700 947 745 meam
965 702 1172 743 morso
1195 702 1383 764 saepe
1411 704 1679 764 querere
1701 686 1906 747 fidem.

347 778 380 830 5
422 767 526 829 Nil
547 787 798 829 moveor
815 765 1111 844 lacrimis,
1131 768 1252 827 ista
1271 786 1405 829 sum
1428 778 1643 849 captus
1666 771 1740 830 ab
1764 778 1930 831 arte:

507 853 768 932 Semper
789 852 865 911 ab
883 850 1152 928 insidiis,
1175 852 1465 929 Cynthia,
1486 853 1644 915 flere
1666 854 1849 915 soles.

422 935 622 997 Flebo
650 954 766 1013 ego
789 931 1142 1011 discedens,
1165 933 1280 993 sed
1297 936 1515 995 fletum
1532 938 1761 997 iniuria
1778 938 2017 997 vincet:

509 1020 610 1079 'l'u
630 1021 795 1079 bene
819 1018 1192 1076 conveniens
1213 1036 1340 1077 non
1361 1019 1515 1078 sinis
1534 1020 1631 1079 ire
1652 1020 1876 1097 iugum.

420 1103 662 1163 Limina
682 1104 804 1161 iam
823 1100 1058 1160 nostris
1076 1099 1324 1160 valeant
1342 1099 1729 1163 lacrimantia
1747 1104 1975 1182 verbis,

315 1196 386 1248 10
504 1187 562 1246 N
565 1206 637 1247 ec
659 1193 866 1247 tamen
885 1184 1044 1243 irata
1061 1184 1242 1243 ianua
1257 1184 1459 1245 fracta
1478 1204 1676 1247 manu.

422 1272 506 1331 At
528 1277 593 1330 te
617 1269 836 1330 celatis
857 1273 1026 1328 aetas
1048 1269 1248 1345 gravis
1270 1276 1491 1346 urgeat
1512 1271 1708 1348 annis,

502 1355 586 1415 Et
603 1355 810 1415 veniat
831 1353 1070 1412 formae
1089 1370 1242 1431 ruga
1263 1352 1515 1413 sinistra
1534 1358 1698 1417 tuae.

421 1436 683 1500 Vellere
704 1444 835 1498 tum
859 1436 1068 1515 cupias
1090 1434 1260 1495 albos
1281 1456 1318 1495 a
1338 1437 1536 1516 stirpe
1558 1436 1817 1517 capillos

500 1523 600 1582 Ah
623 1519 877 1601 speculo
898 1537 1082 1596 rugas
1100 1520 1519 1597 increpitante
1538 1521 1677 1599 tibi,

319 1614 382 1667 15
422 1603 690 1665 Exclusa
713 1606 904 1682 inque
927 1602 1126 1660 vicem
1143 1601 1341 1660 fastus
1360 1603 1601 1680 patiare
1624 1607 1944 1685 superbos,

501 1689 586 1747 Et
607 1706 764 1766 quae
785 1684 1016 1759 fecisti,
1038 1684 1203 1742 facta
1223 1685 1505 1761 queraris
1528 1703 1693 1747 anus.

419 1773 548 1832 Has
568 1771 684 1830 tibi
713 1767 922 1829 fatalis
945 1767 1172 1825 ceciuit
1192 1784 1330 1825 mea
1348 1767 1571 1846 pagina
1592 1767 1775 1830 diras.

499 1856 806 1916 Eventum
825 1853 1066 1913 formae
1087 1848 1255 1909 disce
1276 1851 1503 1910 timere
1524 1857 1685 1912 tuae.
1802 1884 1807 1889 ·

484 2096 836 2195 SEX.
941 2094 1931 2190 PROPERTII

863 2254 1544 2340 ELEGIARUM

532 2510 538 2517 ·
665 2403 1054 2465 LIBER
1138 2402 1745 2478 QUINTUS.

2086 188 2171 252 85

2082 2398 2164 2461 IV

338 2571 379 2665 1
420 2564 582 2680 Hoc,
607 2599 1038 2680 quodcumque
1057 2599 1254 2679 vides,
1282 2601 1532 2681 hospes,
1558 2620 1677 2680 qua
1697 2602 1953 2661 maxima
1971 2601 2164 2661 Roma

498 2770 664 2829 Ante
684 2768 998 2848 Phrygem
1017 2770 1274 2830 Aenean
1295 2690 1501 2829 collist’
1500 2773 1567 2829 et
1585 2768 1783 2831 herba
1800 2767 1951 2828 fuit:

417 2854 630 2933 Atque
648 2854 756 2913 ubi
775 2851 989 2914 Navali
1009 2859 1176 2914 stant
1195 2872 1371 2913 sacra
1389 2851 1628 2913 Palatia
1647 2852 1927 2928 Phoebo,

497 2936 776 2999 Euandri
796 2938 1099 3018 profugae
1123 2939 1513 2998 concubuere
1535 2938 1743 2997 boves.

343 3030 375 3084 5
415 3021 742 3084 Fictilibus
765 3040 1023 3083 crevere
1046 3021 1182 3083 deis
1206 3021 1362 3081 haec
1384 3039 1573 3081 aurea
1592 3018 1845 3101 templa,

498 3104 631 3166 Nec
649 3106 771 3167 fuit
791 3107 1130 3188 opprobrio
1151 3105 1317 3165 facta
1336 3105 1473 3165 sine
1498 3111 1633 3165 arte
1656 3124 1815 3183 casa,

419 3188 850 3269 Tarpeiusque
871 3195 1054 3271 pater
1073 3188 1238 3250 nuda
1261 3187 1341 3249 de
1364 3207 1521 3270 rupe
1540 3191 1813 3265 tonabat,

500 3273 584 3331 Et
604 3272 856 3334 Tiberis
877 3276 1109 3335 nostris
1133 3271 1366 3333 advena
1384 3275 1585 3334 bubus
1608 3279 1763 3333 erat.

420 3356 553 3432 Quo
579 3355 868 3434 gradibus
891 3356 1106 3419 domus
1127 3356 1248 3416 ista
1264 3357 1445 3417 Remi
1467 3375 1534 3418 se
1557 3353 1829 3430 sustulit,
1855 3350 2005 3411 olim

311 3448 380 3502 10
498 3439 672 3501 Unus
695 3445 835 3499 erat
847 3440 1112 3502 fratrum
1130 3440 1389 3501 maxima
1407 3458 1603 3517 regna
1621 3438 1816 3497 focus.
