2592 3867
1407 0 1449 14 ⁷
1520 0 1747 47 of‘l'flf
1810 0 1844 15 *⁴

1369 61 1911 139 UNWERSU'Y
2185 100 2191 107 ·

744 193 1035 255 ΗΒΕ
1078 194 1132 255 R
1214 0 1436 290 NVK,
1434 0 1983 289 amss’ssam)
2052 196 2135 263 oa

473 360 782 422 Cornibus
801 362 870 421 in
889 358 1144 440 plenum
1165 365 1483 421 menstrua
1500 359 1649 421 luna
1672 360 1861 441 redit,

389 441 573 506 Unde
597 442 728 503 salo
751 450 1049 525 superant
1067 446 1258 519 venti,
1283 443 1433 523 quid
1452 444 1699 504 flamine
1724 452 1932 529 captet

281 536 356 591 30
473 527 700 606 Eurus,
730 535 797 587 et
820 529 886 587 in
905 530 1102 589 nubes
1123 526 1290 587 unde
1310 529 1607 608 perennis
1630 549 1805 609 aqua,

393 610 492 671 Sit
508 618 770 672 ventura
793 610 948 689 dies,
971 610 1182 672 mundi
1207 630 1365 690 quae
1388 613 1643 673 subruat
1664 632 1861 693 arces,

470 695 830 774 Purpureus
849 692 1088 776 pluvias
1111 715 1222 757 cur
1240 696 1405 755 bibit
1425 715 1603 757 arcus
1626 716 1834 776 aquas,

389 778 515 838 Aut
537 798 646 838 cur
667 779 1012 840 Perrhaebi
1031 786 1351 839 tremuere
1373 781 1685 841 cacumina
1705 780 1911 860 Pindi,

475 859 640 921 Solis
663 868 730 921 et
755 864 970 923 atratis
989 860 1225 922 luxerit
1245 863 1415 923 orbis
1439 865 1637 941 equis9

278 952 348 1006 35
391 945 517 1005 Cur
541 963 718 1005 serus
739 964 992 1006 versare
1013 948 1202 1005 boves
1227 952 1293 1006 et
1312 943 1591 1024 plaustra
1615 948 1866 1026 Bootes,

470 1026 794 1089 Pleiadum
815 1029 1014 1108 spisso
1037 1048 1147 1088 cur
1170 1030 1300 1089 coit
1319 1029 1465 1107 igne
1486 1030 1733 1108 chorus,

391 1109 595 1171 Curve
618 1130 760 1171 suos
780 1112 940 1175 fines
963 1110 1153 1173 altum
1172 1132 1300 1172 non
1322 1118 1504 1172 exeat
1532 1130 1785 1191 aequor,

471 1193 706 1255 Plenus
729 1202 795 1255 et
813 1197 881 1256 in
901 1202 1112 1275 partes
1136 1201 1429 1276 quattuor
1456 1214 1649 1255 annus
1670 1202 1792 1275 eat,

388 1278 514 1337 Sub
537 1281 728 1341 terris
749 1280 874 1340 sint
894 1280 1030 1339 iura
1054 1279 1238 1340 deum
1259 1286 1326 1341 et
1345 1285 1657 1340 tormenta
1678 1281 2027 1362 Gigantum,

275 1368 350 1423 40
475 1362 850 1443 Tisiphones
873 1370 1008 1423 atro
1031 1365 1086 1423 si
1106 1365 1262 1424 furit
1283 1382 1480 1442 angue
1502 1370 1705 1443 caput,

385 1446 512 1506 Aut
529 1445 966 1509 Alcmaeoniae
987 1448 1188 1509 furiae
1215 1453 1322 1508 aut
1339 1449 1570 1509 ieiunia
1586 1448 1833 1526 Phinei,

466 1529 625 1590 Num
650 1538 808 1609 rota,
833 1550 980 1591 num
1001 1531 1261 1611 scopuli,
1282 1551 1429 1591 num
1451 1533 1587 1592 sitin
1608 1533 1775 1593 inter
1798 1551 2006 1611 aquas,

383 1613 542 1673 Num
562 1614 764 1674 tribus
785 1615 1099 1674 infernum
1122 1613 1395 1674 custodit
1412 1615 1691 1675 faucibus
1713 1622 1957 1677 antrum

471 1697 808 1774 Cerberus,
831 1702 898 1755 et
919 1697 1108 1775 Tityo
1131 1698 1347 1774 iugera
1368 1716 1562 1775 pauca
1580 1715 1821 1775 novem,

272 1787 345 1841 45
389 1780 488 1841 An
508 1780 654 1839 ficta
673 1782 739 1839 in
759 1781 1016 1840 miseras
1039 1778 1367 1841 descendit
1388 1776 1597 1839 fabula
1618 1787 1859 1859 gentes,

467 1864 554 1926 Et
573 1866 760 1925 timor
780 1861 944 1923 haud
966 1861 1134 1924 ultra
1155 1883 1337 1943 quam
1355 1881 1543 1942 rogus
1566 1880 1705 1923 esse
1723 1869 1952 1943 potest.

384 1947 604 2009 Exitus
625 1949 730 2009 hic
750 1949 915 2008 vitae
937 1955 1194 2029 superet
1213 1949 1397 2009 mihi:
1438 1966 1569 2024 vos,
1594 1948 1813 2025 quibus
1836 1967 2003 2008 arma

470 2031 664 2093 Grata
682 2033 896 2111 magis,
926 2032 1134 2093 Crassi
1160 2034 1334 2111 signa
1354 2030 1597 2091 referte
1618 2030 1882 2093 domum.

302 2165 352 2257 5
387 2161 514 2257 Dic
534 2199 686 2258 mihi
707 2195 787 2258 de
812 2205 1045 2277 nostra,
1079 2217 1236 2278 quae
1258 2201 1475 2279 sentis,
1496 2218 1644 2259 vera
1662 2198 1905 2280 puella:
2076 2164 2130 2259 o

470 2281 574 2341 Sic
595 2282 711 2341 tibi
733 2284 859 2343 sint
881 2281 1185 2362 dominae,
1205 2282 1543 2363 Lygdame‚
1566 2283 1815 2364 dempta
1834 2284 1993 2363 iuga.

384 2365 542 2425 Num
565 2384 662 2425 me
683 2364 924 2427 laetitia
941 2368 1343 2429 tumefactum
1368 2367 1539 2431 fallis
1559 2369 1750 2445 inani,

465 2450 638 2509 Haec
659 2451 967 2527 referens,
991 2470 1148 2530 quae
1169 2470 1268 2512 me
1293 2451 1557 2512 credere
1578 2450 1741 2511 velle
1762 2458 1941 2531 putas
1954 2452 1989 2511 *ἒ

307 2540 344 2592 5
386 2532 603 2592 Omnis
627 2533 790 2591 enim
811 2531 1002 2591 debet
1022 2535 1157 2592 sine
1177 2551 1334 2592 vano
1354 2535 1605 2593 nuntius
1630 2552 1789 2610 esse,

469 2614 900 2693 Maioremque
922 2616 1149 2675 timens
1167 2633 1383 2675 servus
1402 2616 1639 2677 habere
1659 2615 1865 2677 fidem.

385 2698 562 2759 Nunc
582 2699 754 2777 mihi,
778 2698 833 2757 si
857 2717 976 2777 qua
994 2704 1196 2777 tenes,
1221 2700 1295 2759 ab
1321 2700 1563 2778 origine
1586 2698 1799 2759 dicere
1819 2700 2019 2779 prima

466 2782 708 2863 Incipe:
753 2784 1066 2861 suspensis
1091 2784 1338 2843 auribus
1359 2784 1479 2843 ista
1498 2784 1722 2844 bibam.

388 2866 598 2927 Sicine
622 2885 756 2927 eam
779 2867 1107 2947 incomptis
1129 2866 1341 2927 vidisti
1360 2869 1517 2928 flere
1540 2863 1828 2947 capillis?

310 2959 350 3011 0
467 2947 642 3012 nliu-
664 2970 739 3012 ex
761 2949 951 3011 oculis
973 2953 1164 3014 multa
1185 2949 1448 3012 cadebat
1469 2951 1669 3029 aqua?

385 3033 517 3094 Nec
539 3032 858 3115 speculum
881 3041 1075 3096 strato
1096 3033 1686 3114 vidisti‚.Lygdame,
1710 3033 1879 3095 lecto
1894 3034 1927 3093 ‘3

468 3118 742 3180 Ornabat
761 3122 970 3180 niveas
992 3118 1245 3179 nullane
1269 3137 1505 3197 gemma
1526 3138 1737 3202 manus
1752 3119 1784 3177 ‘3

384 3203 470 3265 Et
489 3210 782 3265 maestam
800 3205 1038 3263 teneris
1059 3209 1296 3264 vestem
1316 3202 1597 3283 pendere
1618 3202 1899 3277 lacertis,

471 3286 834 3365 Scriniaque
856 3288 936 3348 ad
953 3284 1104 3347 lecti
1129 3286 1336 3347 clausa
1358 3290 1567 3349 iacere
1587 3285 1830 3368 pedes?

281 3379 348 3432 15
393 3370 623 3430 Tristis
647 3377 783 3448 erat
804 3370 1038 3447 domus,
1063 3379 1128 3431 et
1147 3373 1363 3431 tristes
1387 3392 1495 3433 sua
1515 3389 1708 3451 pensa
1729 3367 2047 3427 ministrae

354 3462 358 3467 '
472 3454 844 3534 Carpebant,
869 3455 1072 3515 medio
1101 3456 1287 3515 nebat
1310 3462 1375 3517 et
1394 3457 1529 3535 ipsa
1548 3454 1709 3529 loco,
