2592 3867
427 176 514 241 m
1019 152 1747 237 Pnoruurli

679 343 1010 406 Vertumni
1031 360 1244 401 rursus
1267 339 1546 399 creditur
1568 357 1707 399 esse
1732 355 1989 401 sacrum.

511 429 516 433 ’
595 428 805 489 Prima
825 426 978 486 mihi
999 426 1195 484 variat
1211 424 1551 484 liventibus
1572 442 1687 483 uva
1708 427 1992 503 racemis,

677 512 761 572 Et
789 529 962 570 coma
981 507 1241 568 lactenti
1265 500 1475 586 spicea'
1495 507 1675 584 fruge
1696 513 1914 569 tumet.

488 602 553 657 15
596 595 717 655 Hic
741 592 958 653 dulces
982 610 1248 669 cerasos,
1270 592 1375 651 hic
1398 587 1803 651 auctumnalia
1824 610 2026 671 pruna

681 678 903 739 Cernis
929 681 996 736 et
1017 677 1246 735 aestivo
1269 694 1442 735 mora
1461 675 1691 734 rubere
1716 671 1836 735 die.

593 762 822 821 insitor
843 761 945 820 hic
969 756 1155 819 solvit
1173 764 1591 838 pomosa·vota
1612 777 1861 836 corona,

675 845 830 905 Cum
849 844 1024 922 pirus
1045 843 1238 901 invito
1261 842 1475 922 stipite
1496 838 1657 901 mala
1678 838 1841 903 tulit.

590 926 864 988 Mendax
882 926 1044 985 fama
1065 944 1286 985 noces:
1330 924 1485 985 alius
1507 926 1657 987 mihi
1678 926 1942 987 nominis
1961 926 2184 991 index=

482 1020 554 1074 20
675 1012 770 1071 De
795 1028 864 1070 se
886 1010 1164 1070 narranti
1186 1017 1256 1069 tu
1276 1007 1459 1069 modo
1482 1007 1671 1069 crede
1701 1007 1837 1069 deo.

595 1098 958 1175 Opportuna
977 1112 1114 1155 mea
1136 1099 1234 1152 est
1257 1090 1493 1153 cunctis
1514 1097 1732 1153 natura
1751 1094 1999 1171 figurisz

668 1178 738 1238 In
761 1194 1204 1257 quamcumque
1225 1175 1397 1237 voles
1420 1183 1617 1255 verte,
1641 1175 1904 1237 decorus
1928 1196 2056 1239 ero.

586 1260 778 1321 Indue
801 1279 902 1321 me
924 1262 1093 1338 Cois,
1112 1261 1258 1319 iiam
1275 1280 1399 1320 non
1424 1258 1577 1320 dura
1595 1258 1835 1341 puella:

672 1345 905 1423 Meque
926 1346 1126 1404 virum
1147 1350 1388 1423 sumpta
1412 1345 1549 1422 quis
1572 1351 1763 1423 neget
1784 1362 1923 1404 esse
1946 1346 2135 1425 toga?

479 1437 548 1490 25
588 1428 680 1487 Da
704 1426 933 1487 falcem
957 1433 1026 1487 et
1043 1432 1211 1487 torto
1235 1427 1510 1487 frontem
1532 1430 1681 1488 mihi
1705 1430 2037 1508 comprime
2058 1429 2269 1509 faeno,

666 1511 902 1571 Iurabis
923 1516 1140 1571 nostra
1160 1513 1435 1589 gramina
1456 1518 1627 1572 secta
1648 1532 1847 1573 manu.

587 1597 778 1656 Arma
798 1593 916 1655 tuli
941 1594 1246 1675 quondam
1270 1602 1357 1673 (τι,
1380 1597 1651 1675 memini,
1671 1594 1970 1657 laudabar
1988 1598 2053 1656 in
2074 1594 2207 1657 illis
2222 1618 2241 1657 ε

667 1680 894 1741 Corbis
915 1681 982 1739 in
1001 1680 1274 1760 inposito
1297 1679 1581 1761 pondere
1602 1699 1841 1741 messor
1864 1699 2051 1742 eram.

588 1762 846 1824 Sobrius
873 1763 951 1824 ad
970 1761 1150 1824 lites:
1195 1770 1258 1824 at
1279 1784 1419 1825 cum
1439 1771 1536 1825 est
1556 1766 1803 1845 inposta
1824 1783 2072 1842 corona,
2114 1838 2131 1847 ι

478 1855 548 1909 30
673 1847 980 1909 Clamabis
1004 1850 1193 1929 capiti
1213 1850 1355 1908 vina
1374 1850 1614 1909 subisse
1638 1866 1795 1911 meo.

589 1932 786 2011 Cinge
811 1939 995 2012 caput
1015 1934 1218 2009 mitra,
1243 1934 1517 2011 speciem
1538 1932 1792 1991 furabor
1812 1933 2049 1992 Iacchi:
2097 1992 2105 2000 ,

662 2016 946 2075 Fur-abor
965 2015 1228 2093 Phoebi,
1252 2017 1305 2073 si
1327 2015 1509 2075 modo
1531 2012 1777 2093 plectra
1798 2012 1990 2074 dabis.

585 2100 873 2158 Cassibus
901 2099 1188 2174 inpositis
1211 2116 1432 2157 venor:
1478 2096 1590 2157 sed
1610 2093 1955 2154 harundine
1980 2104 2226 2176 sumpta

663 2180 910 2241 Faunus
928 2176 1214 2260 plumoso
1239 2200 1371 2239 sum
1396 2180 1547 2240 deus
1570 2179 1845 2257 aucupio.

477 2272 545 2325 35
586 2264 702 2323 Est
725 2265 910 2322 etiam
935 2262 1184 2339 aurigae
1209 2265 1451 2342 species
1476 2262 1853 2325 Vertumnus
1877 2269 1943 2321 et
1965 2263 2117 2340 cius,

665 2347 906 2405 Traicit
931 2344 1176 2404 alterno
1201 2347 1307 2424 qui
1328 2344 1471 2407 leve
1492 2344 1734 2426 pondus
1758 2365 1936 2426 equo.

489 2502 492 2505 ⁴
582 2428 886 2510 Suppetat
905 2430 1047 2506 hoc,
1067 2430 1275 2508 pisces
1300 2428 1527 2490 calamo
1551 2429 1922 2510 praedabor,
1949 2437 2015 2489 et
2033 2431 2135 2491 ibo

663 2512 934 2575 Mundus
958 2512 1242 2573 demissis
1267 2514 1519 2575 institor
1540 2516 1606 2574 in
1628 2516 1872 2576 tunicis.

579 2597 902 2659 Pastorem
925 2596 1003 2657 ad
1023 2596 1310 2658 baculum
1328 2618 1581 2678 possum
1602 2617 1823 2659 curare
1844 2595 1947 2659 vel
1968 2596 2135 2658 idem

473 2690 544 2743 40
672 2680 1000 2763 Sirpiculis
1019 2682 1226 2743 medio
1246 2681 1507 2763 pulvere
1530 2684 1703 2742 ferre
1728 2702 1946 2743 rosam.

577 2764 731 2826 Nam
755 2765 904 2845 quid
925 2784 1042 2845 ego
1063 2764 1341 2843 adiciam,
1366 2765 1445 2825 de
1462 2786 1583 2846 quo
1600 2768 1752 2827 mihi
1765 2768 2019 2827 maxima
2032 2766 2191 2827 fama
2206 2772 2328 2844 est,

660 2851 1001 2910 Hortorum
1027 2852 1094 2910 in
1115 2850 1393 2911 manibus
1416 2848 1577 2911 dona
1596 2852 1857 2931 probata
1878 2850 2031 2910 meis
2044 2850 2077 2907 ⁴3

581 2932 922 2994 Caeruleus
945 2934 1212 2996 cucumis
1235 2931 1596 3013 tumidoque
1620 2934 1936 2993 cucurbita
1960 2938 2179 2993 ventre

659 3014 769 3075 Me
789 3023 964 3077 notat
985 3022 1051 3077 et
1069 3018 1251 3077 iunco
1272 3018 1544 3077 brassica
1563 3018 1767 3077 vincta
1786 3013 1933 3091 levi,

471 3104 538 3159 45
580 3096 711 3157 Nec
736 3098 852 3157 flos
875 3098 1038 3159 ullus
1060 3102 1192 3161 hiat
1217 3102 1435 3182 pratis,
1470 3103 1616 3180 quin
1637 3097 1751 3159 ille
1776 3097 2077 3158 decenter

658 3181 964 3260 Inpositus
987 3183 1182 3243 fronti
1206 3183 1499 3261 langueat
1518 3190 1660 3243 ante
1680 3199 1874 3261 meae.

577 3265 663 3326 At
682 3264 854 3341 mihi,
879 3264 1046 3343 quod
1065 3266 1296 3327 formas
1317 3286 1475 3327 unus
1500 3268 1790 3327 vertebar
1811 3267 1878 3325 in
1902 3284 2139 3345 omnes5

659 3347 897 3408 Nomen
921 3350 992 3409 ab
1017 3356 1245 3409 eventu
1269 3351 1471 3428 patria
1490 3350 1697 3428 lingua
1720 3349 1930 3425 dedit3

574 3430 658 3489 Et
676 3436 766 3510 tu,
788 3430 1001 3509 Roma,
1025 3434 1178 3491 meis
1200 3434 1478 3494 tribuisti
1498 3436 1775 3517 praemia
1797 3433 2042 3511 Tuscis,
