2592 3867
591 186 977 250 LIBER
1057 188 1711 273 11‚9.111,1‚2‚3.
2020 192 2102 258 31

446 352 626 416 Bella
645 353 876 433 canam,
902 354 1144 434 quando
1168 357 1401 437 scripta
1418 355 1629 436 puella
1648 376 1785 419 mea
1806 367 1921 421 est.

369 439 548 501 Nunc
566 437 709 501 volo
733 438 1034 499 subducto
1057 439 1302 517 gravior
1321 440 1670 519 procedere
1690 441 1887 521 vultu,

265 533 336 588 10
455 523 513 584 N
514 542 634 584 unc
655 520 838 583 aliam
861 522 1156 582 citharam
1177 537 1277 582 me
1300 541 1438 582 mea
1456 524 1637 584 Musa
1658 524 1859 587 (locet.

373 608 594 685 Surge,
617 608 834 684 anima,
857 624 934 665 ex
953 604 1171 665 humili
1191 608 1313 679 iam
1334 609 1628 687 carmine,
1650 611 1872 670 sumite
1892 612 2079 692 vires,

455 689 774 751 Pierides:
815 690 1019 768 magni
1039 708 1202 750 nunc
1223 691 1351 751 erit
1370 692 1501 751 oris
1522 712 1695 772 opus.

371 774 494 835 Iam
513 781 700 852 negat
717 774 1068 853 Euphrates
1089 775 1365 854 equitem
1380 782 1527 855 post
1544 783 1726 855 terga
1742 780 1910 838 tueri

450 857 823 919 Parthorum
842 863 911 916 et
931 857 1188 919 Crassos
1209 876 1278 919 se
1297 860 1577 919 tenuisse
1601 859 1803 921 dolet:

195 999 200 1005 .
268 952 334 1005 15
374 941 550 1002 India
573 943 742 1020 quin,
765 942 1065 1019 Auguste,
1085 947 1194 1002 tuo
1219 939 1325 1001 dat
1346 940 1512 1003 colla
1526 945 1863 1024 triumpho,

451 1025 538 1088 Et
558 1024 774 1084 domus
793 1026 1060 1084 intactae
1081 1030 1148 1083 te
1167 1026 1385 1085 tremit
1403 1027 1669 1087 Arabiae
1682 1047 1701 1085 ε

371 1110 458 1170 Et
479 1110 534 1169 si
556 1128 675 1188 qua
697 1107 990 1167 extremis
1011 1106 1198 1168 tellus
1219 1126 1289 1168 se
1310 1110 1619 1169 subtrahit
1640 1112 1789 1187 oris,

457 1191 705 1253 Sentiet
723 1189 838 1252 illa
855 1197 993 1251 tuas
1011 1191 1339 1271 postmodo
1364 1199 1541 1273 capta
1558 1212 1789 1255 manus.

375 1276 550 1337 Haec
577 1294 694 1355 ego
715 1280 918 1337 castra
939 1292 1191 1354 sequar:
1229 1282 1403 1336 vates
1422 1282 1530 1337 tua
1550 1284 1753 1339 castra
1772 1276 2050 1339 canendo
2168 1288 2181 1297 ·

263 1368 337 1423 20
457 1360 719 1440 Magnus
741 1377 884 1420 ero:
929 1366 1182 1421 servent
1199 1360 1365 1421 hunc
1386 1361 1541 1421 mihi
1558 1362 1685 1422 fata
1708 1360 1900 1423 diem!

373 1489 461 1550 Ut
483 1494 666 1567 caput
684 1488 754 1547 in
772 1489 1008 1567 magnis
1027 1490 1135 1548 ubi
1153 1492 1279 1548 no‘n
1304 1494 1401 1550 est
1421 1494 1679 1567 tangere
1702 1490 1915 1569 signis,

452 1571 717 1631 Ponitur
738 1572 842 1631 hic
862 1574 1020 1631 imos
1043 1575 1187 1631 ante
1207 1590 1440 1632 corona
1456 1571 1675 1652 pedes,

375 1655 477 1716 Sic
497 1673 611 1714 nos
632 1673 816 1732 nunc,
837 1658 1057 1734 inopes
1075 1651 1279 1714 laudis
1304 1654 1725 1717 conscendere
1750 1674 2017 1735 carmen,

456 1737 844 1818 Pauperibus
866 1738 1058 1796 sacris
1079 1737 1222 1797 vilia
1241 1741 1383 1796 tura
1406 1736 1630 1799 damus.

263 1832 334 1887 25
376 1820 664 1886 Nondum
686 1820 872 1881 etiam
894 1820 1198 1881 Ascraeos
1215 1828 1447 1879 norunt
1459 1839 1595 1881 mea
1608 1824 1875 1883 carmina
1886 1823 2116 1902 fontes,

459 1903 587 1965 Sed
610 1904 792 1964 modo
815 1904 1100 1965 Per-mesi
1119 1904 1373 1964 flumine
1393 1903 1543 1965 lavit
1563 1906 1772 1967 Amor.

289 2071 345 2163 2
377 2070 678 2177 Scribant
699 2102 780 2164 de
802 2110 868 2163 te
895 2101 1002 2165 alii
1025 2101 1124 2163 vel
1147 2105 1232 2163 sis
1254 2104 1466 2181 ignota
1484 2102 1737 2163 licebit:
1982 2066 2111 2160 11

458 2186 719 2266 Laudet,
743 2188 850 2267 qui
871 2186 1075 2249 sterili
1097 2188 1330 2249 semina
1347 2188 1525 2268 ponit
1544 2188 1747 2247 humo.

376 2272 616 2350 Omnia,
637 2271 830 2333 crede
849 2272 1022 2349 mihi,
1037 2248 1254 2333 tecum
1274 2291 1398 2333 uno
1420 2290 1677 2333 munera
1694 2269 1861 2333 lecto

456 2356 724 2417 Auferet
746 2356 1010 2418 extremi
1028 2356 1268 2417 funeris
1290 2362 1425 2417 atra
1446 2356 1612 2417 dies:

300 2450 335 2503 5
374 2440 459 2503 Et
478 2445 585 2501 tua
605 2441 898 2501 transibit
919 2446 1323 2501 contemnens
1346 2459 1485 2501 ossa
1504 2441 1725 2516 viator,

455 2524 587 2583 Nec
610 2523 782 2584 dicet
801 2524 982 2582 ‘cinis
1003 2523 1108 2583 hic
1132 2523 1315 2583 docta
1334 2522 1545 2601 puella
1564 2522 1724 2583 fuit?

289 2654 341 2747 3
377 2653 772 2767 Quicumque
784 2684 896 2747 ille
907 2686 1050 2765 fuit,
1067 2704 1331 2767 puerum
1342 2686 1449 2766 qui
1460 2686 1663 2766 pinxit
1672 2686 1987 2767 Amorem,
2012 2654 2121 2748 12

455 2771 678 2835 Nonne
699 2777 880 2853 putas
900 2772 1087 2833 miras
1107 2772 1272 2831 hunc
1291 2771 1583 2831 habuisse
1606 2788 1817 2831 manus
1830 2771 1862 2831 ’.ἱ

375 2858 498 2918 Hic
518 2858 784 2937 primum
803 2854 961 2917 vidit
982 2856 1117 2916 sine
1139 2874 1327 2917 sensu
1348 2856 1559 2916 vivere
1582 2860 1855 2917 amantes

457 2942 543 3003 Et
563 2939 805 3001 levibus
829 2940 994 3001 curis
1019 2960 1238 3020 magna
1256 2941 1472 3020 perire
1494 2939 1673 3003 bona.

303 3036 338 3089 ὁ
379 3024 552 3088 Idem
570 3042 696 3087 non
715 3026 952 3085 frustra
973 3030 1258 3085 ventosas
1281 3021 1525 3083 addidit
1546 3022 1690 3101 alas,

458 3110 640 3171 Fecit
661 3115 728 3170 et
746 3110 1008 3171 humano
1033 3108 1224 3169 corde
1244 3106 1455 3168 volare
1484 3104 1703 3183 deum3

380 3191 636 3257 Scilicet
657 3192 896 3255 alterna
919 3194 1204 3273 quoniam
1223 3192 1522 3254 iactamur
1542 3193 1610 3253 in
1630 3190 1815 3269 unda,

459 3277 806 3358 Nostraque
826 3296 955 3338 non
974 3275 1120 3339 ullis
1143 3283 1466 3357 permanet
1489 3296 1636 3338 aura
1657 3276 1843 3338 locis:

374 3362 460 3425 Et
479 3362 703 3423 merito
725 3362 985 3423 hamatis
1007 3380 1219 3421 manus
1243 3368 1343 3421 est
1363 3365 1594 3420 armata
1614 3358 1879 3436 sagittis,

269 3455 343 3511 10
462 3447 549 3507 Et
567 3446 864 3527 pharetra
886 3464 962 3507 ex
981 3446 1242 3505 humero
1265 3445 1495 3505 Cnosia
1515 3448 1782 3520 utroque
1801 3441 2000 3510 iacet;
