2592 3867
421 192 508 257 92
1016 186 1751 251 PROPERTII

590 360 706 421 Dic
725 358 899 436 mihi,
921 376 1070 419 num
1088 363 1345 419 teneros
1365 358 1493 417 urit
1512 355 1709 417 lorica
1726 355 2051 421 lacertos?

672 442 834 503 Num
859 440 1352 521 gravis.inbelles
1374 442 1590 501 atterit
1607 441 1783 501 hasta
1804 446 2067 505 manus‘.2

484 536 553 590 25
592 528 765 588 Haec
789 531 1057 587 noceant
1076 527 1306 607 potius,
1332 544 1511 605 quam
1532 524 1823 587 dentibus
1844 525 1971 587 ulla
1988 528 2196 609 puella

672 610 798 671 Det
817 610 970 671 mihi
988 607 1325 690 plorandas
1346 628 1463 689 per
1481 616 1589 670 tua
1608 607 1775 669 colla
1794 617 1992 673 notas.

595 695 840 755 Diceris
863 700 928 754 et
949 694 1142 753 macie
1162 691 1399 761 vultum
1420 700 1740 754 tenuasse:
1786 693 1899 755 sed
1914 701 2090 777 opto,

669 778 728 839 Ε
748 776 1064 839 desiderio
1087 778 1171 837 sit
1193 775 1365 837 color
1386 777 1509 837 iste
1528 795 1687 839 meo.

590 864 675 922 At
695 862 847 922 mihi
867 880 1006 921 cum
1033 866 1252 921 noctes
1270 859 1513 921 induxit
1532 878 1757 941 vesper
1779 880 2029 939 amaras,

481 954 554 1009 30
673 944 743 1007 Si
765 965 886 1024 qua
905 944 1128 1007 relicta
1145 946 1372 1021 iacent,
1397 943 1643 1006 osculor
1664 964 1831 1005 arma
1847 951 1971 1007 tua.
2012 968 2017 973 ·

592 1030 754 1091 Tum
777 1046 1008 1109 queror
1027 1030 1094 1089 in
1115 1034 1249 1089 toto
1271 1048 1399 1089 non
1420 1027 1629 1089 sidere
1649 1027 1839 1109 pallia
1856 1025 2049 1107 lecto,

670 1113 856 1175 Lucis
883 1121 949 1173 et
969 1119 1256 1173 auctores
1275 1131 1401 1173 non
1422 1112 1573 1175 dare
1596 1130 1845 1173 carmen
1868 1130 2027 1173 aves.

587 1196 888 1259 Noctibus
909 1198 1190 1259 hibernis
1213 1198 1553 1257 castrensia
1570 1215 1765 1277 pensa
1783 1194 2003 1257 laboro

668 1281 753 1342 Et
775 1280 970 1360 Tyria
989 1282 1057 1341 in
1080 1279 1286 1341 radios
1308 1278 1547 1341 vellera
1568 1288 1739 1341 secta
1758 1264 1985 1355 suos,x

479 1374 564 1428 35*
587 1366 673 1425 Et
695 1362 888 1441 disco,
913 1382 1032 1441 qua
1052 1369 1232 1443 parte
1253 1364 1405 1423 fluat
1430 1364 1769 1425 vincendus
1788 1365 2047 1441 Araxes,

669 1448 836 1524 Quot
857 1448 992 1507 sine
1015 1465 1171 1526 aqua
1188 1446 1457 1509 Parthus
1478 1448 1649 1508 milia
1671 1454 1879 1509 currat
1900 1464 2117 1526 equus,

589 1531 796 1609 Cogor
819 1538 884 1592 et
907 1549 942 1591 e
961 1530 1170 1591 tabula
1189 1532 1391 1612 pictos
1414 1530 1699 1593 ediscere
1722 1530 2002 1609 mundos,

670 1612 884 1691 Qualis
906 1621 972 1675 et
992 1615 1147 1675 haec
1171 1614 1339 1675 docti
1362 1618 1445 1677 sit
1462 1617 1743 1697 positura
1764 1615 1889 1693 dei,

587 1700 758 1776 Quae
779 1698 968 1761 tellus
989 1700 1072 1761 sit
1089 1698 1264 1760 lenta
1282 1698 1448 1779 gelu,
1472 1719 1629 1780 quae
1650 1700 1851 1781 putris
1872 1701 1947 1759 ab
1972 1704 2164 1778 aestu,

476 1791 548 1845 40
667 1783 910 1846 Ventus
929 1785 997 1844 in
1019 1782 1256 1844 ltaliam
1277 1785 1385 1863 qui
1402 1786 1565 1845 bene
1586 1783 1723 1845 vela
1748 1784 1930 1845 ferat.

586 1866 857 1930 Adsidet
879 1888 1000 1929 una
1021 1887 1221 1947 soror,
1244 1870 1411 1929 curis
1433 1875 1501 1929 et
1518 1867 1748 1950 pallida
1767 1868 1975 1930 nutrix

666 1952 922 2013 Peierat
942 1954 1194 2013 hiberni
1213 1954 1515 2032 temporis
1540 1971 1681 2013 esse
1701 1970 1923 2011 moras.

583 2033 762 2095 Felix
786 2033 1131 2115 Hippolyte
1152 2034 1319 2096 nuda
1336 2035 1485 2096 tulit
1506 2054 1671 2093 arma
1688 2031 1917 2114 papilla

665 2118 750 2179 Et
776 2118 936 2178 texit
955 2116 1132 2194 galea
1152 2120 1415 2180 barbara
1435 2115 1623 2178 molle
1647 2120 1847 2195 eaput²

477 2208 545 2261 45
586 2200 879 2261 Romanis
900 2202 1132 2261 utinam
1151 2203 1500 2281 patuissent
1521 2205 1723 2261 castra
1742 2194 2004 2279 puellis!

664 2284 884 2343 Essem
907 2282 1166 2343 militiae
1185 2286 1425 2344 sarcina
1442 2282 1571 2343 fida
1590 2291 1755 2362 tuae,
1879 2324 1883 2328 -

578 2366 636 2425 N
637 2383 710 2427 ec
735 2384 836 2426 me
855 2365 1182 2427 tardarent
1203 2367 1495 2447 Scythiae
1514 2369 1677 2447 iuga,
1701 2386 1837 2427 cum
1856 2371 2037 2447 pater
2062 2362 2215 2427 altas

663 2450 914 2511 Africus
935 2451 1002 2510 in
1025 2447 1288 2529 glaciem
1310 2451 1548 2529 frigore
1569 2454 1771 2512 nectit
1791 2470 1994 2530 aquas.

583 2532 798 2595 Omnis
821 2554 992 2597 amor
1012 2553 1288 2613 magnus,
1312 2535 1424 2597 sed
1450 2542 1667 2617 aperto
1688 2538 1757 2596 in
1777 2536 2046 2613 coniuge,
2059 2533 2253 2593 maior
2267 2552 2287 2591 ι

473 2626 544 2679 50
663 2618 842 2679 Hanc
861 2618 1098 2696 Venus,
1121 2624 1192 2679 ut
1209 2620 1391 2697 vivat‚
1413 2618 1676 2681 ventilat
1695 2622 1831 2701 ipsa
1850 2620 2067 2681 facem.

579 2701 733 2763 Nam
753 2704 906 2764 mihi
931 2704 1102 2783 quo?
1143 2702 1373 2765 Poenis
1395 2704 1512 2765 tibi
1531 2723 1807 2784 purpura
1826 2702 2063 2781 fulgeat
2084 2700 2271 2760 ostris

664 2786 1134 2867 crystallusque
1154 2805 1322 2847 meas
1346 2793 1530 2848 ornet
1552 2806 1779 2866 aquosa·
1800 2805 2029 2848 manus.

582 2869 803 2930 Omnia
823 2869 1010 2931 surda
1029 2874 1259 2947 tacent,
1281 2872 1564 2949 rarisque
1588 2870 1841 2931 adsueta
1861 2866 2145 2930 kalendis

661 2954 782 3014 vix
805 2956 1008 3033 aperit
1035 2951 1276 3014 clausos
1297 2972 1419 3013 una
1436 2953 1647 3033 puella
1666 2951 1852 3028 lares,

469 3042 539 3096 55
583 3032 916 3096 Glaucidos
939 3043 1006 3097 et
1027 3035 1266 3098 catulae
1285 3056 1403 3098 vox
1424 3043 1523 3097 est
1540 3037 1695 3097 mihi
1714 3041 1887 3114 grata
1909 3034 2232 3112 querentis
2245 3052 2265 3091 ι

659 3115 771 3177 Illa
789 3119 882 3177 tui
903 3126 1146 3197 partem
1167 3120 1441 3181 vindicat
1460 3140 1583 3181 una
1602 3126 1761 3181 toro.

577 3198 770 3263 Flore
793 3201 1019 3263 sacella
1037 3208 1206 3279 tego,
1234 3206 1526 3264 verbenis
1550 3202 1817 3280 compita
1836 3199 1999 3279 velo,

660 3284 745 3344 Et
767 3290 984 3363 crepat
1005 3283 1085 3344 ad
1105 3290 1355 3345 veteres
1377 3288 1574 3347 herba
1599 3286 1826 3346 Sabina
1852 3286 2048 3348 focos.

579 3366 722 3426 Sive
744 3368 810 3426 in
832 3368 1097 3427 finitimo
1123 3370 1357 3445 gemuit
1376 3376 1543 3429 stans
1564 3375 1792 3430 noctua
1811 3371 2010 3449 tigno,

469 3454 540 3506 6⁰
661 3449 786 3509 Seu
808 3449 1003 3510 voluit
1022 3451 1194 3527 tangi
1211 3468 1399 3531 parca
1418 3449 1677 3513 lucerna
1696 3472 1893 3531 mero,
