2592 3867
825 208 1210 272 mnan
1289 211 1558 291 νὼς

406 376 518 439 llla
539 376 676 438 dies
693 378 910 437 hornis
931 376 1186 437 caedem
1207 376 1532 438 denuntiat
1551 380 1743 458 agnis,

492 460 932 539 Succinctique
953 458 1159 521 calent
1179 460 1256 521 ad
1274 480 1433 522 nova
1450 460 1625 522 lucra
1643 482 1863 544 popae.

406 546 523 623 Ne,
541 563 791 626 precor,
813 546 1086 605 ascensis
1107 547 1264 606 tanti
1287 546 1370 606 sit
1393 543 1589 624 gloria
1610 547 1873 626 Bactris,
1924 556 1931 563 “

487 629 762 709 Raptave
785 625 1046 688 odorato
1065 631 1319 690 carbasa
1341 628 1469 688 lina
1492 627 1656 709 duci,

301 722 370 778 65
410 710 710 773 Plumbea
735 730 874 773 cum
898 718 1100 774 tortae
1122 718 1495 792 spargumtur
1515 712 1797 793 pondera
1816 713 2066 793 fundae,

488 793 796 856 Subdolus
819 802 886 856 et
903 798 1100 855 versis
1119 796 1405 877 increpat
1426 815 1603 857 arcus
1626 798 1823 876 equis.

406 878 554 957 Sed,
575 885 684 939 tua
701 880 794 939 sic
815 877 1064 938 domitis
1085 879 1355 939 Parthae
1374 878 1623 941 telluris
1646 881 1903 941 alumnis

318 1033 324 1040 ¹
484 964 652 1023 Pura
670 962 1109 1041 triumphantis
1129 962 1307 1021 hasta
1330 970 1624 1041 sequatur
1646 982 1861 1041 equos,

402 1050 767 1126 incorrupta
788 1045 910 1103 mei
935 1051 1228 1105 conserva
1247 1044 1509 1105 foedera
1527 1045 1697 1106 lecti.

299 1139 370 1193 70
489 1129 624 1190 Hac
653 1146 768 1207 ego
790 1134 857 1188 te
880 1126 1013 1189 sola
1029 1126 1173 1207 lege
1194 1127 1439 1189 redisse
1460 1127 1669 1207 velim,

405 1214 718 1293 Armaque
741 1232 880 1273 cum
898 1210 1102 1273 tulero
1124 1220 1347 1293 portae
1366 1215 1570 1274 votiva
1590 1214 1899 1293 Capenae,

488 1296 882 1358 Subscribam
905 1294 1096 1357 ‘salvo
1124 1303 1296 1375 grata
1314 1295 1524 1377 puella
1543 1299 1727 1359 viro?

312 1430 368 1521 4
403 1428 746 1546 Tarpeium
765 1483 982 1525 nemus
1009 1471 1076 1524 et
1097 1464 1406 1545 Tarpeiae
1429 1472 1615 1545 turpe
1637 1462 1991 1545 sepulcrum

485 1549 692 1609 Faber
715 1555 782 1607 et
804 1550 1040 1626 antiqui
1059 1546 1272 1608 limina
1297 1554 1476 1628 capta
1495 1548 1673 1609 Iovis,

404 1632 608 1693 Lucus
631 1637 770 1690 erat
786 1630 938 1691 felix
958 1630 1269 1690 hederoso
1294 1629 1581 1691 conditus
1605 1638 1805 1709 antro,
1851 1666 1857 1670 -

485 1713 810 1793 Multaque
832 1714 1054 1773 nativis
1075 1714 1387 1793 obstrepit
1410 1714 1595 1773 arbor
1620 1717 1816 1793 aquis,

333 1804 366 1857 ⁵
411 1795 644 1857 Silvani
666 1816 908 1857 ramosa
927 1795 1164 1874 domus,
1191 1816 1311 1875 quo
1336 1795 1535 1857 dulcis
1558 1799 1631 1858 ab
1656 1805 1833 1857 aestu

488 1879 732 1941 Fistula
750 1886 1004 1962 poturas
1025 1882 1122 1941 ire
1143 1881 1399 1941 iubebat
1421 1898 1586 1942 oves.

404 1966 588 2026 Hunc
609 1965 830 2026 Tatius
848 1965 1088 2025 fontem
1106 1962 1266 2025 vallo
1289 1966 1640 2047 praecingit
1661 1982 1909 2045 acerno,

483 2047 766 2129 Fidaque
789 2054 1078 2129 suggesta
1100 2054 1303 2109 castra
1322 2055 1581 2109 coronat
1600 2050 1804 2111 humo.

405 2132 569 2211 Quid
589 2133 934 2194 tum·Roma
953 2132 1093 2211 fuit,
1115 2134 1369 2193 tubicen
1391 2132 1591 2193 vicina
1613 2133 1865 2194 Curetis

298 2226 368 2279 10
489 2217 644 2277 Cum
667 2223 954 2296 quateret
971 2215 1148 2278 lento
1171 2226 1485 2279 murmure
1506 2236 1647 2277 saxa
1666 2218 1846 2295 Iovis,

404 2301 612 2381 Atque
633 2302 740 2361 ubi
761 2320 924 2362 nunc
945 2304 1136 2361 terris
1158 2300 1450 2362 dicuntur
1467 2302 1605 2362 iura
1626 2302 1916 2379 subactis,

329 2450 335 2455 ,
487 2384 745 2446 Stabant
763 2386 1036 2447 Romano
1058 2383 1190 2465 pila
1209 2385 1437 2447 Sabina
1457 2385 1597 2446 foro
1613 2386 1646 2444 ’.ἲ

403 2468 623 2529 Murus
646 2475 825 2528 erant
845 2476 1116 2528 montes:
1158 2471 1264 2528 ubi
1287 2487 1451 2527 nunc
1473 2475 1571 2529 est
1594 2469 1783 2529 Curia
1804 2474 2001 2549 septa,

483 2548 758 2610 Bellicus
781 2568 856 2611 ex
875 2550 988 2610 illc
1013 2551 1186 2609 fonte
1207 2552 1462 2610 bibebat
1480 2569 1695 2629 equus.

296 2642 362 2695 15
406 2634 570 2695 Hinc
595 2633 866 2713 Tarpeia
888 2632 1042 2693 deae
1063 2632 1303 2693 fontem
1322 2632 1565 2693 libavit:
1612 2640 1675 2693 at
1693 2631 1790 2692 illi
1813 2693 1818 2699 ,

483 2718 765 2796 Urgebat
781 2716 1052 2777 medium
1072 2713 1286 2776 fictilis
1308 2735 1463 2777 urna
1486 2722 1684 2797 caput.

402 2802 486 2862 Et
505 2801 654 2861 satis
675 2819 796 2860 una
815 2798 1008 2860 malae
1029 2802 1233 2880 potuit
1251 2796 1419 2860 mors
1438 2819 1578 2861 esse
1600 2798 1865 2882 puellae,

487 2886 657 2962 Quae
677 2884 873 2945 voluit
892 2886 1162 2945 flammas
1182 2883 1427 2963 fallere,
1449 2884 1662 2962 vesta,
1686 2884 1866 2945 tuas?

401 2968 578 3030 Vidit
599 2970 922 3030 harenosis
945 2968 1192 3029 Tatium
1213 2966 1553 3050 proludere
1577 2970 1805 3050 campis
1868 3000 1873 3005 ·

293 3061 365 3113 20
484 3054 783 3133 Pictaque
803 3072 920 3135 per
938 3054 1124 3113 flavas
1151 3072 1319 3114 arma
1336 3050 1547 3113 levare
1566 3054 1741 3113 iubas
1761 3074 1776 3112 ε

407 3135 740 3217 Obstupuit
757 3138 926 3217 regis
947 3137 1110 3197 facie
1131 3143 1199 3197 et
1219 3135 1535 3215 reg-libus
1556 3139 1763 3215 armis,

485 3219 780 3299 Interque
799 3220 1024 3281 oblitas
1045 3220 1278 3281 excidit
1297 3240 1454 3281 urna
1473 3240 1703 3285 manus.

393 3301 604 3384 Saepe
625 3302 734 3364 illa
753 3306 1078 3366 inmeritae
1104 3310 1347 3365 causata
1368 3310 1466 3366 est
1491 3306 1691 3366 omina
1711 3303 1914 3380 lunae,

479 3387 564 3448 Et
587 3388 705 3447 sibi
726 3387 1051 3466 tingendas
1075 3386 1231 3449 dixit
1247 3390 1315 3448 in
1341 3408 1517 3449 amne
1541 3407 1774 3449 comas:

293 3477 364 3531 25
406 3469 606 3552 Saepe
627 3468 773 3531 tulit
791 3469 1034 3532 blandIs
1055 3477 1350 3551 argentea
1368 3470 1502 3533 lilia
1520 3470 1840 3550 Nymphis,

2070 212 2156 277 93
