2592 3867
325 140 452 207 104
920 137 1647 204 PROPERTII

489 307 617 369 Sed
637 326 844 388 neque
866 305 1170 389 suppletis
1191 307 1513 367 constabat
1532 308 1773 367 flamma
1790 306 2090 391 lucernis,

569 391 860 453 Recidit
840 410 1030 471 mque
1056 408 1198 451 suos
1219 408 1431 451 mensa
1453 390 1669 471 supina
1691 392 1907 471 pedes.

378 484 446 537 45
490 476 600 537 Me
637 492 882 555 quoque
908 494 1024 555 per
1047 473 1206 535 talos
1225 474 1541 537 Venerem
1564 482 1903 561 quaerente
1926 479 2232 541 secundos

574 559 835 640 Semper
857 558 1134 619 damnosi
1163 555 1511 619 subsfluere
1536 577 1739 621 canes.

491 645 838 705 Cantabant
857 641 1068 721 surdo,
1095 640 1411 703 nudabant
1428 647 1686 722 pectora
1709 662 1923 704 caeco·

565 727 820 787 Lanuvii
843 726 923 787 ad
941 732 1174 806 portaS,
1195 725 1303 785 hei
1323 726 1494 803 mihi,
1529 724 1697 786 solus
1720 744 1921 803 eram;

488 811 643 872 Cum
664 811 866 871 subito
890 812 1061 870 rauci
1079 815 1419 869 sonuerunt
1442 808 1691 869 cardine
1710 816 1943 889 postes,

381 902 452 956 50
570 894 654 954 Et
671 893 832 954 levia
853 892 931 954 ad
949 895 1184 973 primos
1204 912 1514 953 murmura
1532 892 1696 953 facta
1713 892 1924 954 Lares.

483 976 616 1037 Nec
639 997 832 1055 mora,
856 997 994 1037 cum
1016 982 1176 1037 totas
1195 978 1513 1056 resupinat
1537 977 1805 1056 Cynthia
1825 976 2044 1058 valvas,

567 1062 707 1122 Non
731 1080 992 1141 operosa
1014 1061 1224 1139 comis,
1249 1059 1363 1121 sed
1382 1060 1717 1121 furibunda
1738 1059 1986 1125 decens.

484 1144 719 1206 Pocula
739 1146 823 1205 mi
848 1144 1074 1224 digitos
1095 1146 1262 1205 inter
1285 1142 1572 1203 cecidere
1595 1146 1909 1222 remissos,

568 1226 1052 1309 Palluerantque
1074 1230 1209 1309 ipso
1228 1227 1403 1289 labra
1423 1224 1627 1289 soluta
1646 1247 1837 1289 mero.

380 1324 447 1374 55
487 1311 803 1374 Fulminat
823 1310 934 1373 illa
957 1310 1150 1373 oculis
1171 1316 1239 1373 et
1263 1317 1555 1391 quantum
1576 1312 1805 1373 femina
1828 1313 2045 1391 saevit,

569 1392 959 1476 Spectaclum
981 1402 1160 1476 capta
1177 1414 1295 1455 nec
1316 1396 1515 1455 minus
1535 1396 1687 1456 urbe
1711 1395 1845 1455 fuit„

484 1477 808 1558 Phyllidos
829 1480 1022 1540 iratos
1041 1481 1108 1539 in
1126 1478 1360 1539 vultum
1383 1480 1611 1540 conicit
1629 1496 1893 1558 ungues:

566 1563 821 1623 Territa
841 1564 1072 1623 vicinas
1095 1560 1253 1623 Teia
1275 1561 1499 1623 clamat
1520 1582 1725 1642 aquas.

483 1646 741 1707 Lumina
761 1647 996 1727 sopitos
1019 1647 1270 1707 turbant
1291 1646 1453 1707 elata
1475 1647 1771 1726 Quirites,

379 1740 449 1793 60
572 1730 784 1791 Omnis
808 1737 874 1790 et
895 1732 1108 1791 insana
1128 1732 1348 1791 semita
1368 1730 1553 1790 nocte
1577 1737 1771 1793 sonat.

483 1813 626 1875 Illas
651 1813 1035 1895 direptisque
1058 1814 1248 1875 comis
1268 1816 1618 1894 tunicisque
1640 1812 1859 1875 solutis

563 1898 812 1978 Excipit
834 1899 1130 1959 obscurae
1158 1899 1358 1978 prima
1378 1900 1636 1959 taberna
1656 1900 1809 1959 viae.

488 1982 754 2061 Cynthia
776 1980 1002 2061 gaudet
1021 1982 1088 2041 in
1113 1984 1344 2044 exuviis
1364 1983 1707 2061 victrixque
1728 1983 2000 2041 recurrit

561 2066 644 2125 Et
664 2083 800 2124 mea
819 2082 1116 2145 perversa
1137 2066 1369 2127 sauciat
1390 2085 1499 2125 ora
1519 2084 1699 2125 manu

376 2157 444 2211 65
488 2150 855 2228 Inponitque
875 2154 1083 2209 notam
1105 2147 1265 2210 c'ollo
1289 2166 1619 2227 morsuque
1642 2153 1946 2227 cruentat,

562 2232 1027 2312 Praecipueque
1049 2232 1280 2310 oculos,
1312 2234 1415 2312 qui
1436 2249 1744 2309 meruere,
1768 2232 1935 2293 ferit.

482 2317 690 2393 Atque
714 2315 819 2375 ubi
846 2313 968 2376 iam
988 2318 1219 2377 nostris
1238 2316 1485 2375 lassavit
1504 2316 1757 2376 brachia
1776 2312 1997 2394 plagiS,

564 2397 910 2477 Lygdamus
933 2399 1010 2461 ad
1029 2399 1225 2480 plutei
1244 2396 1443 2459 fulcra
1465 2398 1713 2458 sinistra
1731 2395 1936 2457 latens

482 2483 759 2561 Eruitur,
783 2486 1150 2563 geniumque
1172 2503 1376 2544 meum
1395 2488 1742 2563 prostratus
1764 2481 1995 2543 adorat.

377 2574 446 2629 70
564 2566 900 2647 Lygdame,
925 2568 1016 2628 nil
1034 2570 1240 2647 potui.
1285 2574 1491 2628 tecum
1514 2586 1628 2645 ego
1653 2572 1865 2647 captus
1888 2585 2071 2627 eram.

487 2650 878 2731 Supplicibus
899 2650 1116 2729 palmis
1138 2657 1268 2710 tum
1291 2649 1536 2709 demum
1558 2647 1637 2707 ad
1654 2648 1917 2711 foedera
1936 2650 2097 2727 veni,

467 2786 474 2797 .
569 2735 723 2795 Cum
742 2735 841 2794 vix
860 2731 1204 2811 tangendos
1221 2734 1511 2813 praebuit
1529 2730 1637 2792 illa
1657 2732 1874 2813 pedes,

484 2818 690 2897 Atque
713 2819 800 2877 ait
827 2815 1149 2877 admissae
1173 2817 1226 2875 si
1246 2817 1339 2875 vis
1361 2834 1459 2875 me
1480 2816 1807 2894 ignoscere
1831 2815 2065 2896 culpae,

566 2902 820 2982 Accipe,
844 2916 999 2983 quae
1020 2905 1271 2959 nostrae
1292 2898 1557 2960 formula
1577 2897 1737 2979 legis
1760 2900 1899 2959 erit.

376 2991 442 3046 75
490 2984 590 3045 Tu
608 3003 813 3063 neque
835 2978 1129 3065 Pompeia
1151 2984 1501 3065 spatiabere
1525 2982 1766 3043 cultus'
1747 3001 1812 3041 ιιι
1832 2982 2067 3058 umbra,

564 3067 694 3127 Nec
718 3086 855 3128 cum
873 3065 1167 3129 lascivum
1188 3074 1431 3130 sternet
1450 3068 1683 3127 harena
1701 3066 1919 3124 forum.

485 3148 666 3213 Colla
691 3167 835 3209 cave
857 3152 1140 3215 inflectas
1163 3151 1241 3211 ad
1263 3171 1559 3211 summum
1584 3146 1833 3227 obliqua
1854 3148 2165 3208 theatrum

564 3224 691 3295 Aut
710 3231 935 3293 lectica
953 3240 1096 3293 tuae
1118 3232 1281 3293 sidat
1302 3241 1515 3335 aperta
1534 3250 1759 3293 morae.

482 3315 828 3397 Lygdamus
847 3318 914 3376 in
932 3318 1170 3396 primis,
1195 3320 1391 3377 omnis
1412 3317 1563 3377 mihi
1586 3334 1765 3375 causa
1790 3314 2125 3395 querellae,

375 3407 446 3461 80
568 3402 814 3461 Veneat
835 3406 902 3460 ct
919 3397 1184 3481 pedibus
1211 3400 1451 3469 vincula
1470 3400 1617 3460 bina
1634 3400 1887 3460 trahat?
