2592 3867
411 168 494 237 m
1003 166 1733 247 PROPERTLI

573 333 920 397 Leucadius
939 350 1150 393 versas
1173 335 1339 395 acies
1358 335 1724 395 memorabit
1744 334 1999 415 Apollo.

469 428 538 485 70
664 419 935 480 Tantum
955 418 1164 497 operis
1187 416 1343 478 belli
1366 418 1615 479 sustulit
1634 418 1934 485 una-dies.

576 505 662 564 At
680 508 769 581 tu,
793 504 921 561 sive
941 505 1123 581 petes
1145 508 1361 581 portus
1390 520 1521 579 seu,
1547 503 1771 581 navita,
1793 502 2063 584 linques,

662 586 948 647 Caesaris
967 586 1034 643 in
1053 590 1186 645 toto
1209 588 1294 645 sis
1316 603 1552 645 memor
1572 587 1765 649 Ionio.

437 720 538 813 11
577 716 900 831 Postume,
920 750 1272 832 plorantem
1291 752 1553 832 potuisti
1570 752 1859 831 linquere
1884 752 2140 836 Gallam,
2212 724 2326 819 12

654 834 845 897 Miles
872 841 946 908 et,
959 836 1222 914 Augusti
1239 835 1431 895 fortia
1451 836 1625 914 signa
1644 838 1823 916 sequi
1836 838 1869 897 2²
1914 904 1921 909 ,

575 920 846 979 Tantine
867 918 996 979 ulla
1015 919 1138 979 fuit
1157 916 1410 999 spoliati
1430 917 1630 997 gloria
1644 918 1883 997 Parthi,

654 1001 749 1063 Ne
772 1002 1016 1064 faceres
1041 1000 1221 1063 Galla
1241 1000 1434 1063 multa
1454 1010 1715 1081 rogante
1733 1009 1841 1064 tua
1853 1005 1886 1063 ‘3

501 1093 534 1147 5
580 1086 650 1147 Si
668 1087 763 1148 fas
786 1093 904 1164 est,
929 1104 1142 1147 omnes
1162 1088 1403 1165 pariter
1422 1088 1697 1166 pereatis
1720 1090 1907 1166 avari,
1993 1088 2001 1094 “

655 1170 740 1231 Et
763 1172 1040 1250 quisquis
1064 1168 1191 1230 fido
1213 1167 1513 1249 praetulit
1534 1178 1701 1231 arma
1718 1172 1893 1231 toro!

576 1253 675 1313 Tu
695 1260 904 1314 tamen
921 1253 1153 1313 iniecta
1171 1258 1399 1331 tectus,
1418 1271 1665 1333 vesane,
1682 1253 1937 1315 lacerna

485 1374 498 1383 -
653 1337 905 1397 Potabis
927 1335 1101 1415 galea
1119 1335 1322 1396 fessus
1343 1336 1563 1397 Araxis
1586 1357 1819 1417 aquam.

569 1417 682 1481 ma
703 1418 952 1498 quidem
973 1420 1217 1480 interea
1236 1421 1397 1479 fama
1418 1421 1701 1482 tabescet
1718 1423 1905 1501 inani,

467 1512 535 1566 10
659 1502 832 1563 Haec
851 1510 958 1563 tua
977 1521 1059 1563 ne
1079 1504 1275 1579 virtus
1294 1504 1408 1564 fiat
1430 1523 1633 1564 amara
1652 1506 1789 1583 tibi,

569 1584 740 1648 Neve
765 1593 872 1648 tua
891 1585 1120 1649 Medae
1149 1584 1464 1649 laetentur
1488 1587 1678 1649 caede
1702 1589 1982 1668 sagittae,

650 1669 926 1732 Ferreus
949 1677 1174 1732 aurato.
1183 1689 1307 1731 neu
1330 1672 1759 1751 cataphractus
1784 1690 1967 1752 equo,

567 1754 739 1817 Neve
763 1754 1002 1836 aliquid
1021 1754 1101 1817 de
1121 1761 1188 1816 te
1209 1755 1485 1815 flendum
1506 1755 1819 1818 referatur
1838 1758 1907 1817 iu
1926 1776 2108 1818 urna:

652 1838 755 1899 Sic
783 1839 1072 1918 redeunt,
1095 1836 1223 1901 illis
1247 1840 1353 1917 qui
1374 1837 1662 1900 cecidere
1681 1837 1857 1902 locis.

421 1990 424 1993 ,
461 1931 528 1985 16
574 1922 706 1983 Ter
730 1930 950 2002 quater
977 1924 1042 1983 in
1066 1928 1232 1983 easta
1252 1919 1409 1983 felix
1430 1942 1466 1982 o
1488 1923 1779 1982 Postume
1802 1922 2007 2003 Galla,

647 2006 932 2067 Moribus
951 2007 1052 2065 his
1073 2006 1191 2065 alia
1213 2005 1475 2081 coniuge
1496 2003 1717 2080 dignus
1740 2022 1899 2066 eras.

568 2087 731 2165 Quid
752 2089 942 2147 faciet
961 2084 1134 2145 nullo
1155 2086 1390 2145 munita
1408 2082 1619 2166 puella
1640 2086 1885 2163 timore,

649 2172 806 2232 Cum
825 2172 909 2229 sit
926 2169 1206 2229 luxuriae
1227 2168 1421 2229 Roma
1442 2169 1731 2245 magistra
1754 2186 1900 2227 suae
1914 2169 1947 2228 ’.ἃ

567 2253 695 2314 Sed
715 2270 969 2313 securus
990 2270 1125 2311 eas:
1167 2248 1559 2313 Gallam-non
1580 2269 1835 2312 munera
1852 2253 2125 2333 vincent,
2147 2325 2150 2329 ,

457 2345 526 2397 20
645 2336 1049 2414 Duritiaeque
1069 2341 1214 2397 tuae
1233 2354 1359 2394 non
1382 2336 1506 2395 erit
1525 2334 1635 2397 illa
1654 2354 1909 2399 memor.

563 2419 718 2480 Nam
741 2437 1127 2499 quocumque
1152 2418 1258 2479 die
1279 2418 1513 2481 salvum
1532 2425 1601 2479 te
1620 2420 1749 2481 fata
1770 2418 2116 2499 remittent,

649 2501 963 2564 Pendebit
985 2499 1150 2563 collo
1175 2501 1357 2564 Galla
1376 2502 1603 2585 pudica
1622 2510 1749 2566 tuo.

563 2586 890 2649 Postumus
915 2584 1076 2647 alter
1099 2588 1224 2647 erit
1241 2587 1521 2649 miranda
1545 2589 1807 2667 coniuge
1827 2585 2059 2649 Ulixes.

644 2672 703 2731 N
703 2691 786 2733 on
805 2670 905 2733 illi
919 2669 1142 2751 longae
1163 2676 1260 2731 tot
1279 2690 1555 2733 nocuere
1576 2690 1807 2749 morae,

456 2764 526 2817 25
567 2755 786 2817 Castra
819 2753 1038 2815 decem
1070 2774 1367 2815 annorum
1381 2798 1401 2835 ,
1442 2762 1509 2815 et
1530 2756 1827 2897 Gitlxonum
1861 2774 2035 2816 mons
2062 2754 2313 2835 Ismara,

1524 2839 1575 2899 G
1636 2858 1740 2918 pe,

643 2922 1039 3002 Exustaeque
1060 2928 1204 2982 tuae
1225 2941 1386 2999 mox,
1408 2920 1815 3000 Polypheme,
1839 2938 2055 2998 genae,

561 3004 646 3065 Et
667 3006 884 3065 Circes
903 3004 1178 3083 fraudes,
1199 3003 1491 3085 lotosque
1513 3005 1871 3082 herbaeque
1892 3009 2167 3083 tenaces,

647 3085 978 3165 Scyllaque
1005 3095 1071 3148 et
1099 3088 1375 3149 alternas
1396 3090 1588 3149 scissa
1610 3084 1957 3164 Charybdis
1981 3106 2189 3166 aquas,

564 3169 918 3250 Lampeties
941 3171 1166 3232 Ithacis
1187 3175 1455 3231 verubus
1477 3171 1745 3249 mugisse
1766 3172 2059 3229 iuvencos

451 3261 522 3315 30
643 3246 952 3337 (Paverat
972 3255 1086 3314 hos
1108 3253 1363 3313 Phoebo
1386 3252 1515 3315 filia
1534 3246 1928 3340 Lampetie),

557 3337 644 3397 Et
665 3334 996 3396 thalamum
1015 3337 1263 3397 Aeaeae
1284 3338 1497 3397 flentis
1516 3337 1753 3415 fugisse
1774 3334 2044 3417 puellae,

646 3420 898 3499 Totque
919 3421 1142 3480 hiemis
1165 3424 1385 3501 noctes
1404 3426 1625 3500 totque
1646 3426 1893 3481 natasse
1916 3419 2072 3498 dies,
