2592 3867
883 204 1276 269 LIBER
1355 208 1608 286 V,s‚⁷
2090 207 2211 272 101

464 380 750 458 Denique
774 378 910 455 quis
931 382 1148 435 nostro
1173 394 1423 435 curvum
1444 379 1509 433 te
1531 373 1755 434 funere
1776 375 1951 452 vidit,

546 464 763 523 Atram
786 462 924 540 quis
947 459 1218 519 lacrimis
1239 457 1569 519 incaluisse
1590 465 1797 535 togam
1810 459 1841 517 ‘3

467 546 535 605 Si
553 547 752 626 piguit
772 550 986 625 portas
1007 542 1172 603 ultra
1194 540 1564 623 procedere,
1584 548 1647 601 at
1666 539 1821 601 illuc

357 638 427 693 30
548 630 860 706 laesisses,
880 627 1112 688 lectum
1131 626 1365 686 lentius
1384 625 1481 685 ire
1502 644 1723 685 meum.

465 715 594 775 Cur
613 720 832 773 ventos
853 730 978 771 non
999 712 1136 791 ipse
1160 711 1351 789 rogis,
1376 711 1641 788 ingrate,
1664 710 1927 791 petisti?

547 798 673 857 Gur
693 795 888 856 nardo
909 796 1188 876 flaJnmae
1213 812 1341 853 non
1364 791 1581 853 oluere
1602 794 1823 853 meae?

461 882 598 941 Hoc
621 882 806 939 etiam
828 897 1012 958 grave
1035 884 1190 955 erat,
1213 876 1385 937 nulla
1404 877 1695 938 mercede
1721 878 2089 955 hyacinthos

544 965 786 1023 Inicere
810 970 876 1022 et
894 963 1095 1023 fracto
1118 964 1298 1021 busta
1318 963 1494 1041 piare
1518 960 1689 1021 cado.

356 1056 424 1109 35
465 1045 814 1126 Lygdamus
831 1052 1069 1123 uratur,
1094 1044 1424 1105 candescat
1443 1044 1667 1104 lamina
1686 1062 1949 1105 vernae:

548 1132 730 1191 Sensi
755 1149 893 1209 ego,
919 1149 1056 1190 cum
1074 1128 1319 1207 insidiis
1339 1126 1567 1209 pallida
1584 1129 1725 1188 vina
1745 1129 1893 1189 hibi.

463 1216 548 1277 At
566 1213 792 1274 Nomas
815 1231 1066 1273 arcanas
1086 1210 1272 1273 tollat
1290 1218 1539 1273 versuta
1562 1210 1814 1273 salivas:

543 1299 726 1358 Dicet
749 1297 1062 1373 damnatas
1083 1298 1266 1376 ignea
1285 1303 1451 1356 testa
1472 1315 1704 1357 manus,

465 1382 634 1457 Quae
657 1380 838 1442 modo
863 1400 981 1462 per
1001 1380 1158 1441 viles
1180 1381 1463 1461 inspecta
1486 1386 1584 1440 est
1605 1378 1851 1460 publica
1872 1386 2111 1459 noctes,

355 1473 425 1527 40
547 1466 720 1525 Haec
738 1484 902 1525 nnnc
925 1472 1134 1526 aurata
1157 1464 1411 1544 cyclade
1434 1466 1637 1543 signat
1654 1464 1904 1524 humum

462 1550 546 1609 Et
566 1552 846 1627 graviora
862 1549 1158 1629 rependit
1177 1549 1406 1626 iniquis
1426 1566 1621 1627 pensa
1642 1546 1939 1628 quasillis,

425 1673 455 1691 ,-
546 1631 814 1693 Garrula
835 1631 913 1691 de
935 1633 1096 1694 facie
1119 1634 1174 1691 si
1195 1650 1315 1709 qua
1331 1629 1541 1690 locuta
1560 1650 1697 1691 mea
1720 1638 1845 1692 est:
2264 1704 2267 1708 ἵ

461 1716 810 1795 Nostraque
836 1715 1002 1794 quod
1024 1713 1241 1775 Petale
1263 1713 1409 1774 tulit
1431 1713 1507 1773 ad
1528 1715 1901 1775 monimenta
1924 1734 2201 1796 coronas,

545 1799 796 1860 Codicis
817 1798 1096 1859 inmundi
1118 1796 1362 1860 vincula
1385 1800 1578 1859 sentit
1600 1818 1779 1858 anus:

351 1891 420 1943 45
467 1882 764 1944 Caeditur
789 1890 856 1944 et
880 1882 1107 1962 Lalage
1130 1884 1315 1943 tortis
1336 1900 1635 1963 suspensa
1657 1881 1917 1963 capillis,

542 1968 668 2027 Per
689 1986 914 2027 nomen
937 1968 1223 2047 quoniam
1245 1973 1344 2027 est
1364 1986 1509 2026 ausa
1532 1984 1755 2045 rogare
1777 1986 1997 2028 meum.

461 2052 558 2112 Te
577 2053 855 2131 patiente
881 2070 1054 2112 meae
1078 2052 1365 2111 conflavit
1384 2052 1665 2129 imaginis
1686 2070 1915 2129 aurum,

542 2135 824 2195 Ardente
845 2154 880 2195 e
902 2141 1118 2195 nostro
1143 2134 1354 2195 dotem
1376 2134 1661 2195 habitura
1680 2154 1853 2215 roge.

465 2218 602 2278 Non
625 2225 828 2279 tamen
849 2221 1145 2297 insector,
1175 2220 1444 2299 quamvis
1464 2236 1769 2297 mereare,
1794 2219 2120 2300 Properti:

352 2310 423 2363 50
541 2302 753 2382 Longa
774 2320 910 2363 mea
932 2305 997 2364 in
1016 2304 1194 2365 libris
1215 2322 1409 2382 regna
1428 2304 1609 2363 fuere
1630 2304 1771 2363 tuis.

457 2388 596 2447 Iuro
621 2406 735 2467 ego
757 2388 1052 2449 Fatorum
1073 2387 1233 2448 nulli
1253 2386 1603 2448 revolubile
1628 2405 1895 2463 carmen,

541 2471 1076 2548 Tei-geminusque
1101 2474 1266 2529 canis
1291 2471 1379 2529 sic
1402 2472 1552 2529 mihi
1572 2467 1758 2530 molle
1782 2477 1982 2547 sonet,

459 2554 568 2613 Me
593 2570 869 2613 servasse
890 2551 1096 2612 fidem.
1142 2554 1195 2611 si
1216 2550 1393 2628 fallo,
1412 2553 1627 2631 vipera
1648 2552 1877 2610 nostris

540 2635 765 2696 Sibilet
783 2638 850 2695 in
871 2634 1122 2696 tumulis
1143 2642 1210 2695 et
1229 2652 1417 2716 super
1440 2654 1578 2695 ossa
1601 2636 1801 2695 cubet.

351 2728 419 2781 55
461 2720 613 2780 Nam
637 2721 878 2798 gemina
901 2727 1000 2779 est
1021 2719 1204 2780 sedes
1225 2726 1473 2799 turpem
1494 2720 1715 2778 sortita
1734 2736 1851 2798 per
1878 2738 2135 2798 amnem,

542 2803 879 2882 Turbaque
902 2804 1145 2864 diversa
1164 2805 1429 2883 remigat
1448 2804 1643 2863 omnis
1667 2822 1839 2881 aqua.

456 2887 594 2947 Una
616 2886 1146 2966 Clytaemnestrae
1169 2894 1449 2967 stuprum
1469 2888 1658 2963 vehit,
1683 2886 1879 2945 altera
1902 2887 2165 2947 Cressae

533 2972 754 3031 Portat
774 2973 1069 3031 mentitae
1091 2970 1296 3050 lignea
1317 2977 1591 3030 monstra
1611 2971 1801 3029 bovis.

457 3056 622 3115 Ecce
645 3062 938 3115 coronato
962 3071 1104 3134 pars
1127 3054 1324 3114 altera
1347 3060 1523 3113 vecta
1543 3051 1823 3134 phaselo,

349 3145 420 3199 60
541 3136 784 3198 Mulcet
803 3139 909 3199 ubi
933 3136 1180 3217 Elysias
1204 3157 1349 3197 aura
1370 3139 1553 3197 beata
1574 3156 1767 3215 rosas,

461 3222 594 3298 Qua
621 3240 948 3282 numerosa
976 3220 1156 3299 fides,
1193 3240 1435 3301 quaque
1458 3240 1602 3281 aera
1622 3218 1888 3281 rotunda
1909 3217 2197 3295 Cybebes

538 3304 936 3384 Mitratisquc
961 3311 1182 3365 sonant
1201 3304 1399 3385 Lydia
1419 3303 1661 3385 plectra
1680 3303 1904 3363 choris.

457 3387 979 3467 Andromedeque
1015 3394 1082 3448 et
1115 3390 1611 3470 Hypermnestre
1647 3388 1782 3445 sine
1814 3381 2035 3441 fraude
2072 3403 2198 3442 ma-

1416 3472 1575 3531 ritae
