2592 3867
921 222 1307 285 LIBER
1389 223 1561 301 ηε.
2114 220 2205 287 99.

531 393 831 471 Auguste,
864 390 1200 449 Hectoreis
1223 390 1471 467 cognite
1491 389 1685 449 maior
1707 390 1852 467 avis,

453 474 654 539 Vince
676 475 860 533 mari:
903 475 1024 533 iam
1043 477 1218 533 terra
1235 478 1345 532 tua
1365 477 1493 533 est:
1535 472 1651 531 tibi
1672 470 1897 532 militat
1919 490 2117 553 arcus,

345 569 417 624 40
537 559 623 619 Et
641 559 812 618 favet
830 574 907 617 ex
928 558 1202 617 humeris
1222 557 1343 617 hoc
1366 575 1519 616 onus
1543 574 1723 615 omne
1744 556 1916 616 meis.

458 640 644 704 Solve
669 649 838 702 metu
857 642 1139 723 patriam,
1168 658 1325 720 quae
1345 660 1511 699 nunc
1530 646 1597 700 te
1617 639 1863 700 vindice
1883 638 2049 699 freta

534 728 811 807 Inposuit
828 744 1056 806 prorae
1074 724 1325 806 publica
1343 732 1487 785 vota
1505 730 1667 785 tuae.

455 812 650 888 Quam
669 810 790 870 nisi
813 808 1140 886 defendes,
1161 828 1477 869 murorum
1496 805 1795 869 Romulus
1818 825 2011 886 augur
2068 855 2072 859 .

533 895 632 955 Ire
652 891 962 954 Palatinas
984 912 1110 953 non
1131 894 1292 953 bene
1315 892 1471 952 vidit
1492 912 1653 952 aves.

349 986 418 1041 45
458 978 543 1038 Et
563 978 818 1037 nimium
837 978 1028 1037 remis
1050 974 1280 1036 audent
1297 977 1461 1056 proh
1483 983 1667 1055 turpe
1687 974 1926 1035 Latinis

534 1062 830 1140 Principe
853 1066 918 1119 te
940 1061 1164 1120 fluctus
1183 1061 1359 1139 regia
1379 1058 1516 1119 vela
1535 1061 1681 1138 pati.

456 1145 588 1205 Nec
607 1151 698 1222 te,
722 1142 889 1224 quod
908 1142 1120 1204 classis
1144 1144 1427 1203 centenis
1447 1145 1713 1221 remiget
1735 1142 1871 1221 alis,

540 1228 842 1288 'Peri-eat:
885 1228 1080 1288 invito
1100 1227 1333 1288 labitur
1352 1226 1465 1287 illa
1482 1228 1639 1287 mari
1653 1248 1671 1285 ι

461 1310 1016 1393 Quodque-vehunt
1036 1330 1264 1391 prorae
1289 1312 1660 1372 Centaurica
1679 1330 1821 1371 saxa
1840 1310 2147 1389 minantis,

351 1405 422 1457 50
546 1396 747 1475 Tigna
769 1415 912 1456 cava
933 1401 1001 1455 et
1019 1397 1222 1476 pictos
1247 1396 1575 1476 experiere
1596 1401 1815 1455 metus.

453 1480 715 1559 Frangit
737 1486 803 1540 et
824 1478 1056 1541 attollit
1075 1481 1240 1540 vires
1261 1482 1329 1539 in
1350 1478 1551 1540 milite
1574 1498 1791 1555 causa3

543 1565 714 1641 Quae
733 1564 855 1624 nisi
874 1565 1037 1624 iusta
1058 1564 1292 1641 subest,
1317 1564 1551 1623 excutit
1571 1583 1738 1624 arma
1758 1562 1978 1644 pudor.

460 1648 734 1727 Tempus
757 1645 953 1724 adest,
977 1648 1291 1722 committe
1300 1653 1501 1705 rates:
1544 1665 1659 1725 ego
1672 1648 1972 1728 temporis
1987 1651 2201 1707 auctor

539 1732 770 1791 Ducam
789 1728 1100 1808 laurigera
1124 1727 1275 1789 Iulia
1295 1736 1502 1789 rostra
1520 1735 1747 1791 manu?

351 1826 418 1877 55
460 1816 736 1891 Dixerat,
759 1820 826 1873 e't
844 1815 1180 1894 pharetrae
1198 1811 1441 1893 pondus
1463 1816 1769 1873 consumit
1788 1816 1853 1875 in
1876 1833 2084 1873 arcum

538 1899 826 1958 Proxima
851 1902 996 1978 post
1016 1916 1192 1957 arcus
1214 1897 1497 1958 Caesaris
1524 1898 1699 1957 hasta
1718 1897 1855 1959 fuit.

457 1982 670 2045 Vincit
696 1981 888 2042 Roma
906 1980 1034 2042 fide
1053 1981 1327 2041 Phoebi:
1372 1979 1478 2040 dat
1496 1980 1727 2040 femina
1745 2000 1976 2061 poenas
1990 2001 2009 2040 z

542 2066 803 2146 Sceptra
822 2084 940 2146 per
959 2066 1160 2126 Ionias
1179 2066 1380 2125 fracta
1398 2066 1708 2127 vehuntur
1731 2084 1936 2145 aquas.

455 2152 540 2212 At
560 2157 740 2232 pater
757 2148 951 2211 Idalio
972 2151 1231 2211 miratur
1256 2150 1487 2210 Caesar
1509 2149 1583 2209 ab
1606 2155 1806 2227 astro:

351 2243 430 2314 60,
544 2234 716 2295 ‘Sum
740 2233 913 2313 deus,
937 2240 1004 2295 et
1023 2235 1223 2294 nostri
1245 2234 1559 2312 sanguinis
1580 2233 1699 2293 ista
1718 2232 1923 2295 fides?

456 2317 863 2399 Prosequitur
885 2324 1070 2379 cantu
1092 2318 1343 2396 Triton,
1364 2335 1703 2397 omnesque
1720 2319 1993 2379 marinae

538 2402 910 2463 Plauserunt
931 2404 1098 2463 circa
1115 2401 1319 2463 libera
1339 2404 1512 2480 signa
1534 2401 1709 2465 deae.

454 2483 568 2545 llla
586 2487 751 2564 petit
767 2484 977 2545 Nilum
1003 2486 1221 2562 cymba
1238 2483 1403 2543 male
1420 2487 1565 2543 nixa
1583 2485 1810 2562 fugaci,

539 2568 677 2627 Hoc
698 2586 905 2644 unum,
925 2568 1092 2626 iusso
1113 2584 1239 2625 non
1259 2568 1560 2625 moritura
1582 2566 1705 2627 die.

347 2660 418 2715 65
459 2652 538 2711 Di
559 2649 812 2711 melius!
859 2655 1120 2729 quantus
1139 2648 1363 2710 mulier
1381 2649 1553 2710 foret
1570 2668 1691 2709 una
1712 2650 2078 2728 triumphus,

537 2734 772 2795 Ductus
793 2740 929 2793 erat
945 2752 1062 2815 per
1086 2753 1234 2813 quas
1256 2739 1399 2793 ante
1420 2734 1713 2812 Iugurtha
1730 2733 1877 2794 vias.

456 2819 672 2879 Actius
695 2819 844 2877 hinc
861 2819 1050 2877 traxit
1068 2817 1359 2878 Phoebus
1380 2818 1776 2895 monimenta,
1802 2814 1966 2895 quod
1987 2818 2119 2877 eius

537 2902 674 2963 Una
697 2901 914 2962 decem
935 2902 1083 2961 vicit
1106 2904 1290 2962 missa
1312 2902 1535 2981 sagitta
1554 2906 1741 2961 rates.

453 2985 634 3048 Bella
655 2987 802 3046 satis
826 2987 1056 3046 cecini:
1099 2986 1396 3045 citharam
1416 2986 1537 3045 iam
1555 2984 1759 3065 poscit
1782 2983 2008 3065 Apollo

352 3078 421 3133 70
540 3070 764 3132 Victor
783 3075 849 3130 et
871 3069 949 3129 ad
968 3065 1246 3149 placidos
1269 3070 1440 3129 exuit
1460 3088 1627 3128 arma
1648 3068 1890 3129 choros.

459 3152 734 3214 Candida
761 3173 924 3214 nunc
947 3150 1122 3213 molli
1149 3154 1411 3225 subeant
1432 3154 1707 3213 convivia
1724 3150 1891 3228 luco,

539 3235 1006 3317 Blanditiaequc
1027 3238 1222 3297 fluant
1238 3254 1356 3316 per
1378 3256 1515 3297 mea
1536 3235 1697 3296 colla
1718 3252 1919 3310 rosae,

456 3321 740 3397 Vinaque
761 3321 1097 3381 fundantur
1117 3320 1349 3401 praelis
1372 3319 1527 3381 elisa
1544 3318 1855 3394 Falernis,

539 3402 794 3482 Terque
813 3402 981 3465 lavet
999 3412 1244 3465 nostras
1267 3404 1437 3484 spica
1459 3402 1685 3464 Cilissa
1708 3417 1925 3462 comas.

352 3494 420 3550 75
458 3487 776 3567 Ingenium
795 3490 960 3576 potis
980 3490 1193 3549 irritet
1212 3488 1395 3548 Musa
1413 3487 1647 3567 poetis:
1755 3562 1785 3598 *
