<?xml version="1.0" encoding="UTF-8"?>
<!DOCTYPE html PUBLIC "-//W3C//DTD XHTML 1.0 Transitional//EN"
    "http://www.w3.org/TR/xhtml1/DTD/xhtml1-transitional.dtd">
<html xmlns="http://www.w3.org/1999/xhtml" xml:lang="en" lang="en">
 <head>
  <title>
</title>
<meta http-equiv="Content-Type" content="text/html;charset=utf-8" />
  <meta name='ocr-system' content='tesseract 3.04.00' />
  <meta name='ocr-capabilities' content='ocr_page ocr_carea ocr_par ocr_line ocrx_word'/>
</head>
<body>
  <div class='ocr_page' id='page_1' title='image "./sexpropertiiele00keilgoog_0062.png"; bbox 0 0 2592 3867; ppageno 0'>
   <div class='ocr_carea' id='block_1_1' title="bbox 406 183 1728 255">
    <p class='ocr_par' dir='ltr' id='par_1_1' title="bbox 406 183 1728 255">
     <span class='ocr_line' id='line_1_1' title="bbox 406 183 1728 255; baseline -0.006 0"><span class='ocrx_word' id='word_1_1' title='bbox 406 188 492 255; x_wconf 75' lang='lat'><strong>⁵2</strong></span> <span class='ocrx_word' id='word_1_2' title='bbox 1000 183 1728 251; x_wconf 81' lang='lat' dir='ltr'><strong>PROPERTII</strong></span> 
     </span>
    </p>
   </div>
   <div class='ocr_carea' id='block_1_2' title="bbox 457 354 2209 2104">
    <p class='ocr_par' dir='ltr' id='par_1_2' title="bbox 457 354 2209 2104">
     <span class='ocr_line' id='line_1_2' title="bbox 469 354 1896 438; baseline -0.004 -17"><span class='ocrx_word' id='word_1_3' title='bbox 469 369 542 421; x_wconf 76' lang='lat'><strong>20</strong></span> <span class='ocrx_word' id='word_1_4' title='bbox 659 358 745 420; x_wconf 81' lang='lat' dir='ltr'><strong>Et</strong></span> <span class='ocrx_word' id='word_1_5' title='bbox 763 363 986 438; x_wconf 84' lang='lat' dir='ltr'><strong>petere</strong></span> <span class='ocrx_word' id='word_1_6' title='bbox 1011 356 1290 435; x_wconf 84' lang='lat' dir='ltr'><strong>Hyrcani</strong></span> <span class='ocrx_word' id='word_1_7' title='bbox 1309 354 1501 415; x_wconf 88' lang='lat' dir='ltr'><strong>litora</strong></span> <span class='ocrx_word' id='word_1_8' title='bbox 1518 361 1667 415; x_wconf 88' lang='lat' dir='ltr'><strong>nota</strong></span> <span class='ocrx_word' id='word_1_9' title='bbox 1687 355 1896 433; x_wconf 79' lang='lat' dir='ltr'><strong>maris,</strong></span> 
     </span>
     <span class='ocr_line' id='line_1_3' title="bbox 578 437 2129 522; baseline -0.001 -20"><span class='ocrx_word' id='word_1_10' title='bbox 578 441 890 522; x_wconf 83' lang='lat' dir='ltr'><strong>Spargere</strong></span> <span class='ocrx_word' id='word_1_11' title='bbox 913 447 980 501; x_wconf 84' lang='lat' dir='ltr'><strong>et</strong></span> <span class='ocrx_word' id='word_1_12' title='bbox 1001 439 1244 499; x_wconf 86' lang='lat' dir='ltr'><strong>alterna</strong></span> <span class='ocrx_word' id='word_1_13' title='bbox 1268 458 1619 500; x_wconf 75' lang='lat' dir='ltr'><strong>communes</strong></span> <span class='ocrx_word' id='word_1_14' title='bbox 1643 437 1835 499; x_wconf 84' lang='lat' dir='ltr'><strong>caede</strong></span> <span class='ocrx_word' id='word_1_15' title='bbox 1854 438 2129 505; x_wconf 70' lang='lat' dir='ltr'><strong>Penates</strong></span> 
     </span>
     <span class='ocr_line' id='line_1_4' title="bbox 656 520 2009 603; baseline -0.002 -17"><span class='ocrx_word' id='word_1_16' title='bbox 656 526 744 586; x_wconf 77' lang='lat' dir='ltr'><strong>Et</strong></span> <span class='ocrx_word' id='word_1_17' title='bbox 760 526 935 585; x_wconf 82' lang='lat' dir='ltr'><strong>ferre</strong></span> <span class='ocrx_word' id='word_1_18' title='bbox 959 523 1036 585; x_wconf 89' lang='lat' dir='ltr'><strong>ad</strong></span> <span class='ocrx_word' id='word_1_19' title='bbox 1055 524 1292 603; x_wconf 76' lang='lat' dir='ltr'><strong>patrios</strong></span> <span class='ocrx_word' id='word_1_20' title='bbox 1313 524 1587 602; x_wconf 85' lang='lat' dir='ltr'><strong>praemia</strong></span> <span class='ocrx_word' id='word_1_21' title='bbox 1610 520 1746 583; x_wconf 90' lang='lat' dir='ltr'><strong>dira</strong></span> <span class='ocrx_word' id='word_1_22' title='bbox 1764 521 1961 583; x_wconf 83' lang='lat' dir='ltr'><strong>Lares</strong></span> <span class='ocrx_word' id='word_1_23' title='bbox 1974 524 2009 583; x_wconf 65' lang='grc' dir='ltr'><strong>’ἒ</strong></span> 
     </span>
     <span class='ocr_line' id='line_1_5' title="bbox 574 605 1959 686; baseline -0.004 -16"><span class='ocrx_word' id='word_1_24' title='bbox 574 610 713 679; x_wconf 83' lang='lat' dir='ltr'><strong>Una</strong></span> <span class='ocrx_word' id='word_1_25' title='bbox 735 614 1093 673; x_wconf 87' lang='lat' dir='ltr'><strong>contentum</strong></span> <span class='ocrx_word' id='word_1_26' title='bbox 1111 605 1346 686; x_wconf 83' lang='lat' dir='ltr'><strong>pudeat</strong></span> <span class='ocrx_word' id='word_1_27' title='bbox 1366 624 1465 666; x_wconf 89' lang='lat' dir='ltr'><strong>me</strong></span> <span class='ocrx_word' id='word_1_28' title='bbox 1485 607 1695 665; x_wconf 79' lang='lat' dir='ltr'><strong>vivere</strong></span> <span class='ocrx_word' id='word_1_29' title='bbox 1720 607 1914 667; x_wconf 83' lang='lat' dir='ltr'><strong>amica</strong></span> <span class='ocrx_word' id='word_1_30' title='bbox 1927 607 1959 665; x_wconf 75' lang='lat'><strong>22</strong></span> 
     </span>
     <span class='ocr_line' id='line_1_6' title="bbox 655 690 2001 766; baseline -0.001 -15"><span class='ocrx_word' id='word_1_31' title='bbox 655 692 794 751; x_wconf 87' lang='lat' dir='ltr'><strong>Hoc</strong></span> <span class='ocrx_word' id='word_1_32' title='bbox 816 693 870 751; x_wconf 83' lang='lat' dir='ltr'><strong>si</strong></span> <span class='ocrx_word' id='word_1_33' title='bbox 893 693 1128 750; x_wconf 80' lang='lat' dir='ltr'><strong>crimen</strong></span> <span class='ocrx_word' id='word_1_34' title='bbox 1151 691 1294 766; x_wconf 89' lang='lat' dir='ltr'><strong>erit,</strong></span> <span class='ocrx_word' id='word_1_35' title='bbox 1320 691 1557 749; x_wconf 83' lang='lat' dir='ltr'><strong>crimen</strong></span> <span class='ocrx_word' id='word_1_36' title='bbox 1574 690 1822 751; x_wconf 86' lang='lat' dir='ltr'><strong>Amoris</strong></span> <span class='ocrx_word' id='word_1_37' title='bbox 1846 691 2001 750; x_wconf 74' lang='lat' dir='ltr'><strong>eritz</strong></span> 
     </span>
     <span class='ocr_line' id='line_1_7' title="bbox 469 772 2135 852; baseline -0.002 -13"><span class='ocrx_word' id='word_1_38' title='bbox 469 783 538 839; x_wconf 81' lang='lat'><strong>25</strong></span> <span class='ocrx_word' id='word_1_39' title='bbox 582 774 677 837; x_wconf 82' lang='lat' dir='ltr'><strong>Mi</strong></span> <span class='ocrx_word' id='word_1_40' title='bbox 696 793 879 834; x_wconf 87' lang='lat' dir='ltr'><strong>nemo</strong></span> <span class='ocrx_word' id='word_1_41' title='bbox 903 775 1150 834; x_wconf 87' lang='lat' dir='ltr'><strong>obiciat.</strong></span> <span class='ocrx_word' id='word_1_42' title='bbox 1191 772 1389 833; x_wconf 83' lang='lat' dir='ltr'><strong>libeat</strong></span> <span class='ocrx_word' id='word_1_43' title='bbox 1408 774 1546 851; x_wconf 83' lang='lat' dir='ltr'><strong>tibi,</strong></span> <span class='ocrx_word' id='word_1_44' title='bbox 1570 774 1860 852; x_wconf 78' lang='lat' dir='ltr'><strong>Cynthia,</strong></span> <span class='ocrx_word' id='word_1_45' title='bbox 1882 784 2135 835; x_wconf 74' lang='lat' dir='ltr'><strong>mecum·</strong></span> 
     </span>
     <span class='ocr_line' id='line_1_8' title="bbox 654 857 1885 935; baseline 0.001 -17"><span class='ocrx_word' id='word_1_46' title='bbox 654 857 923 919; x_wconf 76' lang='lat' dir='ltr'><strong>Roscida</strong></span> <span class='ocrx_word' id='word_1_47' title='bbox 941 857 1240 917; x_wconf 85' lang='lat' dir='ltr'><strong>muscosis</strong></span> <span class='ocrx_word' id='word_1_48' title='bbox 1265 862 1443 916; x_wconf 87' lang='lat' dir='ltr'><strong>antra</strong></span> <span class='ocrx_word' id='word_1_49' title='bbox 1461 862 1685 917; x_wconf 81' lang='lat' dir='ltr'><strong>tenere</strong></span> <span class='ocrx_word' id='word_1_50' title='bbox 1706 858 1885 935; x_wconf 74' lang='lat' dir='ltr'><strong>iugis.</strong></span> 
     </span>
     <span class='ocr_line' id='line_1_9' title="bbox 572 938 1869 1021; baseline -0.002 -18"><span class='ocrx_word' id='word_1_51' title='bbox 572 940 713 1004; x_wconf 79' lang='lat' dir='ltr'><strong>Illic</strong></span> <span class='ocrx_word' id='word_1_52' title='bbox 739 942 1003 1021; x_wconf 72' lang='lat' dir='ltr'><strong>aspicies</strong></span> <span class='ocrx_word' id='word_1_53' title='bbox 1029 938 1301 1021; x_wconf 73' lang='lat' dir='ltr'><strong>scopulis</strong></span> <span class='ocrx_word' id='word_1_54' title='bbox 1323 941 1591 1000; x_wconf 87' lang='lat' dir='ltr'><strong>haerere</strong></span> <span class='ocrx_word' id='word_1_55' title='bbox 1619 960 1869 1001; x_wconf 84' lang='lat' dir='ltr'><strong>sorores</strong></span> 
     </span>
     <span class='ocr_line' id='line_1_10' title="bbox 653 1022 1860 1103; baseline 0 -18"><span class='ocrx_word' id='word_1_56' title='bbox 653 1026 738 1085; x_wconf 80' lang='lat' dir='ltr'><strong>Et</strong></span> <span class='ocrx_word' id='word_1_57' title='bbox 758 1043 986 1085; x_wconf 89' lang='lat' dir='ltr'><strong>canere</strong></span> <span class='ocrx_word' id='word_1_58' title='bbox 1007 1025 1248 1102; x_wconf 85' lang='lat' dir='ltr'><strong>antiqui</strong></span> <span class='ocrx_word' id='word_1_59' title='bbox 1269 1022 1472 1084; x_wconf 86' lang='lat' dir='ltr'><strong>dulcia</strong></span> <span class='ocrx_word' id='word_1_60' title='bbox 1492 1024 1662 1083; x_wconf 81' lang='lat' dir='ltr'><strong>furta</strong></span> <span class='ocrx_word' id='word_1_61' title='bbox 1678 1024 1860 1103; x_wconf 82' lang='lat' dir='ltr'><strong>Iovis,</strong></span> 
     </span>
     <span class='ocr_line' id='line_1_11' title="bbox 572 1107 2151 1189; baseline -0.001 -18"><span class='ocrx_word' id='word_1_62' title='bbox 572 1110 660 1171; x_wconf 89' lang='lat' dir='ltr'><strong>Ut</strong></span> <span class='ocrx_word' id='word_1_63' title='bbox 683 1108 928 1173; x_wconf 81' lang='lat' dir='ltr'><strong>Semela</strong></span> <span class='ocrx_word' id='word_1_64' title='bbox 949 1115 1048 1168; x_wconf 75' lang='lat' dir='ltr'><strong>est</strong></span> <span class='ocrx_word' id='word_1_65' title='bbox 1071 1110 1443 1185; x_wconf 86' lang='lat' dir='ltr'><strong>combustus,</strong></span> <span class='ocrx_word' id='word_1_66' title='bbox 1467 1114 1539 1167; x_wconf 92' lang='lat' dir='ltr'><strong>ut</strong></span> <span class='ocrx_word' id='word_1_67' title='bbox 1558 1114 1657 1168; x_wconf 76' lang='lat' dir='ltr'><strong>est</strong></span> <span class='ocrx_word' id='word_1_68' title='bbox 1678 1107 2041 1188; x_wconf 81' lang='lat' dir='ltr'><strong>deperditus</strong></span> <span class='ocrx_word' id='word_1_69' title='bbox 2064 1109 2151 1189; x_wconf 79' lang='lat' dir='ltr'><strong>Io,</strong></span> 
     </span>
     <span class='ocr_line' id='line_1_12' title="bbox 465 1190 1993 1271; baseline 0.003 -20"><span class='ocrx_word' id='word_1_70' title='bbox 465 1202 537 1257; x_wconf 85' lang='grc'><strong>30</strong></span> <span class='ocrx_word' id='word_1_71' title='bbox 659 1194 946 1271; x_wconf 87' lang='lat' dir='ltr'><strong>Denique</strong></span> <span class='ocrx_word' id='word_1_72' title='bbox 967 1198 1038 1251; x_wconf 89' lang='lat' dir='ltr'><strong>ut</strong></span> <span class='ocrx_word' id='word_1_73' title='bbox 1063 1192 1142 1250; x_wconf 82' lang='lat' dir='ltr'><strong>ad</strong></span> <span class='ocrx_word' id='word_1_74' title='bbox 1165 1191 1397 1251; x_wconf 78' lang='lat' dir='ltr'><strong>Troiae</strong></span> <span class='ocrx_word' id='word_1_75' title='bbox 1416 1197 1587 1251; x_wconf 83' lang='lat' dir='ltr'><strong>tecta</strong></span> <span class='ocrx_word' id='word_1_76' title='bbox 1604 1190 1828 1253; x_wconf 83' lang='lat' dir='ltr'><strong>volarit</strong></span> <span class='ocrx_word' id='word_1_77' title='bbox 1850 1194 1993 1255; x_wconf 79' lang='lat' dir='ltr'><strong>avis.</strong></span> 
     </span>
     <span class='ocr_line' id='line_1_13' title="bbox 571 1274 2015 1355; baseline 0.001 -19"><span class='ocrx_word' id='word_1_78' title='bbox 571 1275 753 1353; x_wconf 77' lang='lat' dir='ltr'><strong>Quod</strong></span> <span class='ocrx_word' id='word_1_79' title='bbox 773 1278 826 1335; x_wconf 88' lang='lat' dir='ltr'><strong>si</strong></span> <span class='ocrx_word' id='word_1_80' title='bbox 846 1293 1028 1334; x_wconf 88' lang='lat' dir='ltr'><strong>nemo</strong></span> <span class='ocrx_word' id='word_1_81' title='bbox 1053 1279 1242 1352; x_wconf 80' lang='lat' dir='ltr'><strong>extat,</strong></span> <span class='ocrx_word' id='word_1_82' title='bbox 1267 1275 1373 1353; x_wconf 84' lang='lat' dir='ltr'><strong>qui</strong></span> <span class='ocrx_word' id='word_1_83' title='bbox 1393 1275 1619 1335; x_wconf 81' lang='lat' dir='ltr'><strong>vicerit</strong></span> <span class='ocrx_word' id='word_1_84' title='bbox 1640 1274 1805 1337; x_wconf 86' lang='lat' dir='ltr'><strong>alitis</strong></span> <span class='ocrx_word' id='word_1_85' title='bbox 1828 1298 2015 1355; x_wconf 84' lang='lat' dir='ltr'><strong>arma,</strong></span> 
     </span>
     <span class='ocr_line' id='line_1_14' title="bbox 653 1356 1951 1438; baseline -0.002 -18"><span class='ocrx_word' id='word_1_86' title='bbox 653 1359 1008 1420; x_wconf 80' lang='lat' dir='ltr'><strong>Communis</strong></span> <span class='ocrx_word' id='word_1_87' title='bbox 1035 1356 1251 1438; x_wconf 81' lang='lat' dir='ltr'><strong>culpae</strong></span> <span class='ocrx_word' id='word_1_88' title='bbox 1275 1376 1387 1417; x_wconf 90' lang='lat' dir='ltr'><strong>cur</strong></span> <span class='ocrx_word' id='word_1_89' title='bbox 1406 1376 1553 1419; x_wconf 81' lang='lat' dir='ltr'><strong>reus</strong></span> <span class='ocrx_word' id='word_1_90' title='bbox 1576 1378 1731 1419; x_wconf 89' lang='lat' dir='ltr'><strong>unus</strong></span> <span class='ocrx_word' id='word_1_91' title='bbox 1758 1362 1951 1437; x_wconf 72' lang='lat' dir='ltr'><strong>agor?</strong></span> 
     </span>
     <span class='ocr_line' id='line_1_15' title="bbox 567 1442 1974 1519; baseline -0.002 -15"><span class='ocrx_word' id='word_1_92' title='bbox 567 1444 698 1504; x_wconf 90' lang='lat' dir='ltr'><strong>Nec</strong></span> <span class='ocrx_word' id='word_1_93' title='bbox 723 1450 794 1503; x_wconf 89' lang='lat' dir='ltr'><strong>tu</strong></span> <span class='ocrx_word' id='word_1_94' title='bbox 813 1442 1152 1519; x_wconf 80' lang='lat' dir='ltr'><strong>virginibus</strong></span> <span class='ocrx_word' id='word_1_95' title='bbox 1173 1444 1531 1502; x_wconf 83' lang='lat' dir='ltr'><strong>reverentia</strong></span> <span class='ocrx_word' id='word_1_96' title='bbox 1549 1443 1818 1503; x_wconf 81' lang='lat' dir='ltr'><strong>moveris</strong></span> <span class='ocrx_word' id='word_1_97' title='bbox 1836 1462 1974 1503; x_wconf 83' lang='lat' dir='ltr'><strong>ora:</strong></span> 
     </span>
     <span class='ocr_line' id='line_1_16' title="bbox 652 1525 2209 1606; baseline 0.001 -21"><span class='ocrx_word' id='word_1_98' title='bbox 652 1528 774 1586; x_wconf 89' lang='lat' dir='ltr'><strong>Hic</strong></span> <span class='ocrx_word' id='word_1_99' title='bbox 802 1544 1048 1606; x_wconf 86' lang='lat' dir='ltr'><strong>quoque</strong></span> <span class='ocrx_word' id='word_1_100' title='bbox 1069 1544 1196 1586; x_wconf 91' lang='lat' dir='ltr'><strong>non</strong></span> <span class='ocrx_word' id='word_1_101' title='bbox 1216 1528 1421 1600; x_wconf 80' lang='lat' dir='ltr'><strong>nescit</strong></span> <span class='ocrx_word' id='word_1_102' title='bbox 1444 1525 1595 1606; x_wconf 83' lang='lat' dir='ltr'><strong>quid</strong></span> <span class='ocrx_word' id='word_1_103' title='bbox 1614 1528 1697 1587; x_wconf 84' lang='lat' dir='ltr'><strong>sit</strong></span> <span class='ocrx_word' id='word_1_104' title='bbox 1718 1544 1921 1587; x_wconf 78' lang='lat' dir='ltr'><strong>amare</strong></span> <span class='ocrx_word' id='word_1_105' title='bbox 1946 1528 2209 1603; x_wconf 83' lang='lat' dir='ltr'><strong>chorus;</strong></span> 
     </span>
     <span class='ocr_line' id='line_1_17' title="bbox 457 1609 2040 1691; baseline -0.001 -18"><span class='ocrx_word' id='word_1_106' title='bbox 457 1618 530 1673; x_wconf 81' lang='lat'><strong>35</strong></span> <span class='ocrx_word' id='word_1_107' title='bbox 574 1610 641 1671; x_wconf 87' lang='lat' dir='ltr'><strong>Si</strong></span> <span class='ocrx_word' id='word_1_108' title='bbox 662 1616 870 1671; x_wconf 84' lang='lat' dir='ltr'><strong>tamen</strong></span> <span class='ocrx_word' id='word_1_109' title='bbox 891 1609 1122 1689; x_wconf 76' lang='lat' dir='ltr'><strong>Oeagri</strong></span> <span class='ocrx_word' id='word_1_110' title='bbox 1147 1610 1449 1690; x_wconf 77' lang='lat' dir='ltr'><strong>quaedam</strong></span> <span class='ocrx_word' id='word_1_111' title='bbox 1470 1629 1823 1690; x_wconf 85' lang='lat' dir='ltr'><strong>compressa</strong></span> <span class='ocrx_word' id='word_1_112' title='bbox 1842 1612 2040 1691; x_wconf 85' lang='lat' dir='ltr'><strong>figura</strong></span> 
     </span>
     <span class='ocr_line' id='line_1_18' title="bbox 649 1692 1726 1775; baseline 0.003 -21"><span class='ocrx_word' id='word_1_113' title='bbox 649 1695 947 1756; x_wconf 75' lang='lat' dir='ltr'><strong>Bistoniis</strong></span> <span class='ocrx_word' id='word_1_114' title='bbox 971 1692 1121 1755; x_wconf 88' lang='lat' dir='ltr'><strong>olim</strong></span> <span class='ocrx_word' id='word_1_115' title='bbox 1142 1697 1399 1775; x_wconf 76' lang='lat' dir='ltr'><strong>rupibus</strong></span> <span class='ocrx_word' id='word_1_116' title='bbox 1424 1696 1726 1757; x_wconf 88' lang='lat' dir='ltr'><strong>accubuit.</strong></span> 
     </span>
     <span class='ocr_line' id='line_1_19' title="bbox 565 1780 2037 1859; baseline -0.001 -20"><span class='ocrx_word' id='word_1_117' title='bbox 565 1780 688 1839; x_wconf 88' lang='lat' dir='ltr'><strong>Hic</strong></span> <span class='ocrx_word' id='word_1_118' title='bbox 711 1780 818 1841; x_wconf 90' lang='lat' dir='ltr'><strong>ubi</strong></span> <span class='ocrx_word' id='word_1_119' title='bbox 837 1798 936 1840; x_wconf 90' lang='lat' dir='ltr'><strong>me</strong></span> <span class='ocrx_word' id='word_1_120' title='bbox 960 1782 1161 1859; x_wconf 85' lang='lat' dir='ltr'><strong>prima</strong></span> <span class='ocrx_word' id='word_1_121' title='bbox 1183 1784 1459 1840; x_wconf 86' lang='lat' dir='ltr'><strong>statuent</strong></span> <span class='ocrx_word' id='word_1_122' title='bbox 1479 1780 1546 1838; x_wconf 89' lang='lat' dir='ltr'><strong>in</strong></span> <span class='ocrx_word' id='word_1_123' title='bbox 1565 1787 1748 1858; x_wconf 83' lang='lat' dir='ltr'><strong>parte</strong></span> <span class='ocrx_word' id='word_1_124' title='bbox 1772 1781 2037 1840; x_wconf 89' lang='lat' dir='ltr'><strong>choreae</strong></span> 
     </span>
     <span class='ocr_line' id='line_1_20' title="bbox 645 1862 1951 1943; baseline 0.002 -20"><span class='ocrx_word' id='word_1_125' title='bbox 645 1864 731 1923; x_wconf 83' lang='lat' dir='ltr'><strong>Et</strong></span> <span class='ocrx_word' id='word_1_126' title='bbox 752 1864 992 1924; x_wconf 87' lang='lat' dir='ltr'><strong>medius</strong></span> <span class='ocrx_word' id='word_1_127' title='bbox 1017 1863 1198 1924; x_wconf 85' lang='lat' dir='ltr'><strong>docta</strong></span> <span class='ocrx_word' id='word_1_128' title='bbox 1222 1862 1479 1943; x_wconf 78' lang='lat' dir='ltr'><strong>cuspide</strong></span> <span class='ocrx_word' id='word_1_129' title='bbox 1500 1863 1779 1925; x_wconf 84' lang='lat' dir='ltr'><strong>Bacchus</strong></span> <span class='ocrx_word' id='word_1_130' title='bbox 1806 1866 1951 1943; x_wconf 83' lang='lat' dir='ltr'><strong>erit,</strong></span> 
     </span>
     <span class='ocr_line' id='line_1_21' title="bbox 570 1944 2083 2026; baseline -0.001 -19"><span class='ocrx_word' id='word_1_131' title='bbox 570 1947 732 2007; x_wconf 87' lang='lat' dir='ltr'><strong>Tum</strong></span> <span class='ocrx_word' id='word_1_132' title='bbox 755 1950 943 2026; x_wconf 82' lang='lat' dir='ltr'><strong>capiti</strong></span> <span class='ocrx_word' id='word_1_133' title='bbox 967 1966 1174 2007; x_wconf 75' lang='lat' dir='ltr'><strong>snacro</strong></span> <span class='ocrx_word' id='word_1_134' title='bbox 1195 1948 1398 2024; x_wconf 87' lang='lat' dir='ltr'><strong>patiar</strong></span> <span class='ocrx_word' id='word_1_135' title='bbox 1417 1944 1701 2024; x_wconf 83' lang='lat' dir='ltr'><strong>pendere</strong></span> <span class='ocrx_word' id='word_1_136' title='bbox 1726 1949 2083 2025; x_wconf 79' lang='lat' dir='ltr'><strong>corymbos:</strong></span> 
     </span>
     <span class='ocr_line' id='line_1_22' title="bbox 457 2026 2043 2104; baseline -0.005 -13"><span class='ocrx_word' id='word_1_137' title='bbox 457 2038 530 2091; x_wconf 79' lang='lat'><strong>40</strong></span> <span class='ocrx_word' id='word_1_138' title='bbox 651 2030 805 2090; x_wconf 89' lang='lat' dir='ltr'><strong>Nam</strong></span> <span class='ocrx_word' id='word_1_139' title='bbox 831 2030 968 2086; x_wconf 84' lang='lat' dir='ltr'><strong>sine</strong></span> <span class='ocrx_word' id='word_1_140' title='bbox 989 2035 1056 2086; x_wconf 90' lang='lat' dir='ltr'><strong>te</strong></span> <span class='ocrx_word' id='word_1_141' title='bbox 1075 2034 1358 2085; x_wconf 88' lang='lat' dir='ltr'><strong>nostrum</strong></span> <span class='ocrx_word' id='word_1_142' title='bbox 1381 2046 1509 2086; x_wconf 87' lang='lat' dir='ltr'><strong>non</strong></span> <span class='ocrx_word' id='word_1_143' title='bbox 1526 2026 1692 2085; x_wconf 81' lang='lat' dir='ltr'><strong>valet</strong></span> <span class='ocrx_word' id='word_1_144' title='bbox 1710 2030 2043 2104; x_wconf 82' lang='lat' dir='ltr'><strong>ingenium.</strong></span> 
     </span>
    </p>
   </div>
   <div class='ocr_carea' id='block_1_3' title="bbox 1140 2131 1557 2143">
    <p class='ocr_par' dir='ltr' id='par_1_3' title="bbox 1140 2131 1557 2143">
     <span class='ocr_line' id='line_1_23' title="bbox 1140 2131 1557 2143; baseline 0 1724"><span class='ocrx_word' id='word_1_145' title='bbox 1140 2131 1557 2143; x_wconf 95' lang='lat' dir='ltr'><strong> </strong></span> 
     </span>
    </p>
   </div>
   <div class='ocr_carea' id='block_1_4' title="bbox 421 2158 2386 2270">
    <p class='ocr_par' dir='ltr' id='par_1_4' title="bbox 421 2158 2386 2270">
     <span class='ocr_line' id='line_1_24' title="bbox 421 2158 2386 2270; baseline 0.001 -16"><span class='ocrx_word' id='word_1_146' title='bbox 421 2160 534 2255; x_wconf 68' lang='lat'><strong>29</strong></span> <span class='ocrx_word' id='word_1_147' title='bbox 571 2158 860 2270; x_wconf 66' lang='lat' dir='ltr'><strong>Quaeris,</strong></span> <span class='ocrx_word' id='word_1_148' title='bbox 883 2211 994 2251; x_wconf 87' lang='lat' dir='ltr'><strong>cur</strong></span> <span class='ocrx_word' id='word_1_149' title='bbox 1014 2189 1255 2251; x_wconf 82' lang='lat' dir='ltr'><strong>veniam</strong></span> <span class='ocrx_word' id='word_1_150' title='bbox 1275 2192 1395 2251; x_wconf 84' lang='lat' dir='ltr'><strong>tibi</strong></span> <span class='ocrx_word' id='word_1_151' title='bbox 1414 2190 1674 2252; x_wconf 78' lang='lat' dir='ltr'><strong>tardior.</strong></span> <span class='ocrx_word' id='word_1_152' title='bbox 1720 2210 1907 2253; x_wconf 88' lang='lat' dir='ltr'><strong>aurea</strong></span> <span class='ocrx_word' id='word_1_153' title='bbox 1924 2194 2168 2257; x_wconf 84' lang='lat' dir='ltr'><strong>Phoebi</strong></span> <span class='ocrx_word' id='word_1_154' title='bbox 2203 2160 2309 2255; x_wconf 74' lang='lat'><strong>31</strong></span> <span class='ocrx_word' id='word_1_155' title='bbox 2380 2218 2386 2223; x_wconf 78' lang='grc'>’</span> 
     </span>
    </p>
   </div>
   <div class='ocr_carea' id='block_1_5' title="bbox 457 2276 2226 3523">
    <p class='ocr_par' dir='ltr' id='par_1_5' title="bbox 457 2276 2226 3523">
     <span class='ocr_line' id='line_1_25' title="bbox 538 2276 1924 2354; baseline 0.002 -19"><span class='ocrx_word' id='word_1_156' title='bbox 538 2342 541 2345; x_wconf 57' lang='grc'><strong>,</strong></span> <span class='ocrx_word' id='word_1_157' title='bbox 644 2276 932 2336; x_wconf 85' lang='lat' dir='ltr'><strong>Porticus</strong></span> <span class='ocrx_word' id='word_1_158' title='bbox 955 2296 990 2334; x_wconf 83' lang='lat' dir='ltr'><strong>a</strong></span> <span class='ocrx_word' id='word_1_159' title='bbox 1013 2292 1230 2351; x_wconf 84' lang='lat' dir='ltr'><strong>magno</strong></span> <span class='ocrx_word' id='word_1_160' title='bbox 1257 2276 1527 2335; x_wconf 76' lang='lat' dir='ltr'><strong>Caesare</strong></span> <span class='ocrx_word' id='word_1_161' title='bbox 1550 2280 1767 2354; x_wconf 88' lang='lat' dir='ltr'><strong>aperta</strong></span> <span class='ocrx_word' id='word_1_162' title='bbox 1784 2276 1924 2339; x_wconf 82' lang='lat' dir='ltr'><strong>fuit.</strong></span> 
     </span>
     <span class='ocr_line' id='line_1_26' title="bbox 567 2357 2130 2440; baseline 0.001 -21"><span class='ocrx_word' id='word_1_163' title='bbox 567 2360 730 2419; x_wconf 84' lang='lat' dir='ltr'><strong>Tota</strong></span> <span class='ocrx_word' id='word_1_164' title='bbox 752 2360 976 2418; x_wconf 86' lang='lat' dir='ltr'><strong>eratin</strong></span> <span class='ocrx_word' id='word_1_165' title='bbox 995 2358 1270 2438; x_wconf 81' lang='lat' dir='ltr'><strong>speciem</strong></span> <span class='ocrx_word' id='word_1_166' title='bbox 1289 2359 1521 2419; x_wconf 88' lang='lat' dir='ltr'><strong>Poenis</strong></span> <span class='ocrx_word' id='word_1_167' title='bbox 1544 2357 1787 2436; x_wconf 83' lang='lat' dir='ltr'><strong>digesta</strong></span> <span class='ocrx_word' id='word_1_168' title='bbox 1810 2358 2130 2440; x_wconf 77' lang='lat' dir='ltr'><strong>columnis,</strong></span> 
     </span>
     <span class='ocr_line' id='line_1_27' title="bbox 645 2442 1873 2522; baseline 0 -19"><span class='ocrx_word' id='word_1_169' title='bbox 645 2443 818 2503; x_wconf 89' lang='lat' dir='ltr'><strong>Inter</strong></span> <span class='ocrx_word' id='word_1_170' title='bbox 843 2462 992 2522; x_wconf 86' lang='lat' dir='ltr'><strong>quas</strong></span> <span class='ocrx_word' id='word_1_171' title='bbox 1013 2442 1208 2503; x_wconf 89' lang='lat' dir='ltr'><strong>Danai</strong></span> <span class='ocrx_word' id='word_1_172' title='bbox 1228 2443 1461 2503; x_wconf 86' lang='lat' dir='ltr'><strong>femina</strong></span> <span class='ocrx_word' id='word_1_173' title='bbox 1480 2444 1667 2503; x_wconf 87' lang='lat' dir='ltr'><strong>turba</strong></span> <span class='ocrx_word' id='word_1_174' title='bbox 1688 2445 1873 2505; x_wconf 89' lang='lat' dir='ltr'><strong>senis.</strong></span> 
     </span>
     <span class='ocr_line' id='line_1_28' title="bbox 489 2526 2134 2609; baseline 0 -21"><span class='ocrx_word' id='word_1_175' title='bbox 489 2536 522 2588; x_wconf 82' lang='lat'><strong>5</strong></span> <span class='ocrx_word' id='word_1_176' title='bbox 562 2528 685 2588; x_wconf 89' lang='lat' dir='ltr'><strong>Hic</strong></span> <span class='ocrx_word' id='word_1_177' title='bbox 706 2526 998 2607; x_wconf 85' lang='lat' dir='ltr'><strong>equidem</strong></span> <span class='ocrx_word' id='word_1_178' title='bbox 1016 2527 1273 2587; x_wconf 79' lang='lat' dir='ltr'><strong>Phoebo</strong></span> <span class='ocrx_word' id='word_1_179' title='bbox 1293 2528 1461 2587; x_wconf 83' lang='lat' dir='ltr'><strong>visus</strong></span> <span class='ocrx_word' id='word_1_180' title='bbox 1481 2528 1635 2587; x_wconf 90' lang='lat' dir='ltr'><strong>mihi</strong></span> <span class='ocrx_word' id='word_1_181' title='bbox 1656 2526 1978 2609; x_wconf 83' lang='lat' dir='ltr'><strong>pulchrior</strong></span> <span class='ocrx_word' id='word_1_182' title='bbox 1998 2529 2134 2608; x_wconf 88' lang='lat' dir='ltr'><strong>ipso</strong></span> 
     </span>
     <span class='ocr_line' id='line_1_29' title="bbox 643 2612 1907 2692; baseline -0.002 -19"><span class='ocrx_word' id='word_1_183' title='bbox 643 2612 1034 2673; x_wconf 86' lang='lat' dir='ltr'><strong>Marmoreus</strong></span> <span class='ocrx_word' id='word_1_184' title='bbox 1055 2612 1243 2671; x_wconf 88' lang='lat' dir='ltr'><strong>tacita</strong></span> <span class='ocrx_word' id='word_1_185' title='bbox 1268 2630 1517 2672; x_wconf 85' lang='lat' dir='ltr'><strong>carmen</strong></span> <span class='ocrx_word' id='word_1_186' title='bbox 1538 2612 1713 2673; x_wconf 87' lang='lat' dir='ltr'><strong>hiare</strong></span> <span class='ocrx_word' id='word_1_187' title='bbox 1737 2612 1907 2692; x_wconf 85' lang='lat' dir='ltr'><strong>lyra:</strong></span> 
     </span>
     <span class='ocr_line' id='line_1_30' title="bbox 563 2695 2185 2776; baseline -0.002 -19"><span class='ocrx_word' id='word_1_188' title='bbox 563 2697 771 2776; x_wconf 80' lang='lat' dir='ltr'><strong>Atque</strong></span> <span class='ocrx_word' id='word_1_189' title='bbox 795 2716 962 2756; x_wconf 85' lang='lat' dir='ltr'><strong>ara-m</strong></span> <span class='ocrx_word' id='word_1_190' title='bbox 988 2697 1219 2756; x_wconf 89' lang='lat' dir='ltr'><strong>circum</strong></span> <span class='ocrx_word' id='word_1_191' title='bbox 1242 2702 1552 2756; x_wconf 86' lang='lat' dir='ltr'><strong>steterant</strong></span> <span class='ocrx_word' id='word_1_192' title='bbox 1579 2702 1857 2758; x_wconf 87' lang='lat' dir='ltr'><strong>armenta</strong></span> <span class='ocrx_word' id='word_1_193' title='bbox 1878 2695 2185 2774; x_wconf 80' lang='lat' dir='ltr'><strong>Myronis,</strong></span> 
     </span>
     <span class='ocr_line' id='line_1_31' title="bbox 646 2779 1942 2858; baseline 0.002 -19"><span class='ocrx_word' id='word_1_194' title='bbox 646 2781 952 2856; x_wconf 77' lang='lat' dir='ltr'><strong>Quattuor</strong></span> <span class='ocrx_word' id='word_1_195' title='bbox 978 2780 1270 2857; x_wconf 76' lang='lat' dir='ltr'><strong>artifices,</strong></span> <span class='ocrx_word' id='word_1_196' title='bbox 1292 2779 1495 2840; x_wconf 83' lang='lat' dir='ltr'><strong>vivida</strong></span> <span class='ocrx_word' id='word_1_197' title='bbox 1516 2781 1711 2858; x_wconf 85' lang='lat' dir='ltr'><strong>signa,</strong></span> <span class='ocrx_word' id='word_1_198' title='bbox 1732 2782 1942 2841; x_wconf 77' lang='lat' dir='ltr'><strong>boves.</strong></span> 
     </span>
     <span class='ocr_line' id='line_1_32' title="bbox 565 2860 2171 2942; baseline -0.001 -19"><span class='ocrx_word' id='word_1_199' title='bbox 565 2863 726 2923; x_wconf 87' lang='lat' dir='ltr'><strong>Tum</strong></span> <span class='ocrx_word' id='word_1_200' title='bbox 747 2863 1018 2924; x_wconf 89' lang='lat' dir='ltr'><strong>medium</strong></span> <span class='ocrx_word' id='word_1_201' title='bbox 1039 2862 1206 2923; x_wconf 88' lang='lat' dir='ltr'><strong>claro</strong></span> <span class='ocrx_word' id='word_1_202' title='bbox 1230 2864 1524 2939; x_wconf 82' lang='lat' dir='ltr'><strong>surgebat</strong></span> <span class='ocrx_word' id='word_1_203' title='bbox 1544 2882 1851 2923; x_wconf 84' lang='lat' dir='ltr'><strong>marmore</strong></span> <span class='ocrx_word' id='word_1_204' title='bbox 1872 2860 2171 2942; x_wconf 86' lang='lat' dir='ltr'><strong>templum</strong></span> 
     </span>
     <span class='ocr_line' id='line_1_33' title="bbox 458 2944 1751 3025; baseline -0.003 -16"><span class='ocrx_word' id='word_1_205' title='bbox 458 2956 527 3009; x_wconf 89' lang='grc'><strong>10</strong></span> <span class='ocrx_word' id='word_1_206' title='bbox 644 2948 729 3005; x_wconf 83' lang='lat' dir='ltr'><strong>Et</strong></span> <span class='ocrx_word' id='word_1_207' title='bbox 749 2948 952 3025; x_wconf 84' lang='lat' dir='ltr'><strong>patria</strong></span> <span class='ocrx_word' id='word_1_208' title='bbox 969 2947 1224 3007; x_wconf 88' lang='lat' dir='ltr'><strong>Phoebo</strong></span> <span class='ocrx_word' id='word_1_209' title='bbox 1250 2946 1451 3004; x_wconf 84' lang='lat' dir='ltr'><strong>carius</strong></span> <span class='ocrx_word' id='word_1_210' title='bbox 1472 2944 1751 3023; x_wconf 78' lang='lat' dir='ltr'><strong>Ortygia.</strong></span> 
     </span>
     <span class='ocr_line' id='line_1_34' title="bbox 563 3028 1858 3109; baseline -0.002 -20"><span class='ocrx_word' id='word_1_211' title='bbox 563 3030 632 3089; x_wconf 91' lang='lat' dir='ltr'><strong>In</strong></span> <span class='ocrx_word' id='word_1_212' title='bbox 655 3047 776 3106; x_wconf 86' lang='lat' dir='ltr'><strong>quo</strong></span> <span class='ocrx_word' id='word_1_213' title='bbox 801 3030 966 3089; x_wconf 85' lang='lat' dir='ltr'><strong>Solis</strong></span> <span class='ocrx_word' id='word_1_214' title='bbox 987 3037 1124 3090; x_wconf 85' lang='lat' dir='ltr'><strong>erat</strong></span> <span class='ocrx_word' id='word_1_215' title='bbox 1143 3049 1330 3109; x_wconf 87' lang='lat' dir='ltr'><strong>supra</strong></span> <span class='ocrx_word' id='word_1_216' title='bbox 1349 3028 1599 3106; x_wconf 75' lang='lat' dir='ltr'><strong>fastigia</strong></span> <span class='ocrx_word' id='word_1_217' title='bbox 1618 3047 1858 3105; x_wconf 76' lang='lat' dir='ltr'><strong>currus,</strong></span> 
     </span>
     <span class='ocr_line' id='line_1_35' title="bbox 645 3108 1886 3192; baseline 0.001 -22"><span class='ocrx_word' id='word_1_218' title='bbox 645 3111 730 3170; x_wconf 80' lang='lat' dir='ltr'><strong>Et</strong></span> <span class='ocrx_word' id='word_1_219' title='bbox 752 3108 982 3190; x_wconf 82' lang='lat' dir='ltr'><strong>valvae,</strong></span> <span class='ocrx_word' id='word_1_220' title='bbox 1004 3114 1222 3192; x_wconf 88' lang='lat' dir='ltr'><strong>Libyci</strong></span> <span class='ocrx_word' id='word_1_221' title='bbox 1243 3110 1459 3173; x_wconf 87' lang='lat' dir='ltr'><strong>nobile</strong></span> <span class='ocrx_word' id='word_1_222' title='bbox 1485 3111 1691 3173; x_wconf 85' lang='lat' dir='ltr'><strong>dentis</strong></span> <span class='ocrx_word' id='word_1_223' title='bbox 1712 3131 1886 3191; x_wconf 83' lang='lat' dir='ltr'><strong>opus,</strong></span> 
     </span>
     <span class='ocr_line' id='line_1_36' title="bbox 563 3193 1883 3275; baseline 0.001 -20"><span class='ocrx_word' id='word_1_224' title='bbox 563 3194 782 3255; x_wconf 85' lang='lat' dir='ltr'><strong>Altera</strong></span> <span class='ocrx_word' id='word_1_225' title='bbox 806 3193 1084 3255; x_wconf 89' lang='lat' dir='ltr'><strong>deiectos</strong></span> <span class='ocrx_word' id='word_1_226' title='bbox 1105 3196 1365 3257; x_wconf 85' lang='lat' dir='ltr'><strong>Parnasi</strong></span> <span class='ocrx_word' id='word_1_227' title='bbox 1382 3197 1620 3257; x_wconf 82' lang='lat' dir='ltr'><strong>vertice</strong></span> <span class='ocrx_word' id='word_1_228' title='bbox 1644 3194 1883 3275; x_wconf 80' lang='lat' dir='ltr'><strong>Gallos,</strong></span> 
     </span>
     <span class='ocr_line' id='line_1_37' title="bbox 643 3276 1911 3342; baseline 0.003 -4"><span class='ocrx_word' id='word_1_229' title='bbox 643 3276 864 3338; x_wconf 85' lang='lat' dir='ltr'><strong>Altera</strong></span> <span class='ocrx_word' id='word_1_230' title='bbox 885 3280 1202 3339; x_wconf 84' lang='lat' dir='ltr'><strong>maerebat</strong></span> <span class='ocrx_word' id='word_1_231' title='bbox 1223 3278 1447 3340; x_wconf 87' lang='lat' dir='ltr'><strong>funera</strong></span> <span class='ocrx_word' id='word_1_232' title='bbox 1469 3278 1851 3342; x_wconf 50' lang='lat' dir='ltr'><strong>Tantalidos</strong></span> <span class='ocrx_word' id='word_1_233' title='bbox 1902 3290 1911 3299; x_wconf 85' lang='grc'><em>’</em></span> 
     </span>
     <span class='ocr_line' id='line_1_38' title="bbox 457 3360 2226 3445; baseline 0.001 -22"><span class='ocrx_word' id='word_1_234' title='bbox 457 3370 525 3423; x_wconf 82' lang='lat'><strong>15</strong></span> <span class='ocrx_word' id='word_1_235' title='bbox 566 3360 808 3421; x_wconf 88' lang='lat' dir='ltr'><strong>Deinde</strong></span> <span class='ocrx_word' id='word_1_236' title='bbox 829 3364 996 3421; x_wconf 82' lang='lat' dir='ltr'><strong>inter</strong></span> <span class='ocrx_word' id='word_1_237' title='bbox 1017 3368 1277 3421; x_wconf 81' lang='lat' dir='ltr'><strong>matrem</strong></span> <span class='ocrx_word' id='word_1_238' title='bbox 1300 3362 1454 3424; x_wconf 86' lang='lat' dir='ltr'><strong>deus</strong></span> <span class='ocrx_word' id='word_1_239' title='bbox 1473 3364 1611 3444; x_wconf 84' lang='lat' dir='ltr'><strong>ipse</strong></span> <span class='ocrx_word' id='word_1_240' title='bbox 1630 3366 1923 3445; x_wconf 84' lang='lat' dir='ltr'><strong>interque</strong></span> <span class='ocrx_word' id='word_1_241' title='bbox 1944 3383 2226 3427; x_wconf 89' lang='lat' dir='ltr'><strong>sororem</strong></span> 
     </span>
     <span class='ocr_line' id='line_1_39' title="bbox 645 3443 1901 3523; baseline 0.006 -19"><span class='ocrx_word' id='word_1_242' title='bbox 645 3445 904 3523; x_wconf 85' lang='lat' dir='ltr'><strong>Pythius</strong></span> <span class='ocrx_word' id='word_1_243' title='bbox 925 3446 992 3504; x_wconf 90' lang='lat' dir='ltr'><strong>in</strong></span> <span class='ocrx_word' id='word_1_244' title='bbox 1012 3444 1194 3521; x_wconf 85' lang='lat' dir='ltr'><strong>longa</strong></span> <span class='ocrx_word' id='word_1_245' title='bbox 1217 3448 1487 3507; x_wconf 90' lang='lat' dir='ltr'><strong>carmina</strong></span> <span class='ocrx_word' id='word_1_246' title='bbox 1510 3443 1685 3509; x_wconf 55' lang='lat' dir='ltr'><strong>Ueste</strong></span> <span class='ocrx_word' id='word_1_247' title='bbox 1708 3455 1901 3511; x_wconf 87' lang='lat' dir='ltr'><strong>sonat.</strong></span> 
     </span>
    </p>
   </div>
   <div class='ocr_carea' id='block_1_6' title="bbox 1125 3536 1562 3548">
    <p class='ocr_par' dir='ltr' id='par_1_6' title="bbox 1125 3536 1562 3548">
     <span class='ocr_line' id='line_1_40' title="bbox 1125 3536 1562 3548; baseline 0 319"><span class='ocrx_word' id='word_1_248' title='bbox 1125 3536 1562 3548; x_wconf 95' lang='lat' dir='ltr'><strong> </strong></span> 
     </span>
    </p>
   </div>
  </div>
 </body>
</html>
