2592 3867
359 188 477 255 110
659 243 664 248 .
945 185 1672 250 PROPERTII

517 357 824 419 Materni·
843 354 1065 417 laudor
1083 355 1355 417 lacrimis
1376 357 1673 436 urbisque
1700 354 2021 436 querellis,

598 440 872 501 Defensa
894 446 960 500 et
981 441 1212 519 gemitu
1233 441 1519 501 Caesaris
1542 460 1679 501 ossa
1702 458 1855 501 mea.

515 523 628 586 Ille
652 545 760 586 sua
780 531 923 585 nata
950 522 1193 603 dignam
1214 525 1441 584 fixisse
1463 542 1743 585 sororem

407 618 477 673 60
598 610 903 689 Increpat,
934 616 1002 667 et
1021 607 1306 668 lacrimas
1327 606 1587 669 vidimus
1608 609 1705 667 ire
1729 606 1870 669 deo.

514 694 598 755 Et
619 700 825 753 tamen
847 692 1083 751 emerui
1106 708 1444 767 generosos
1466 692 1658 750 vestis
1680 692 1975 772 honores,

595 777 725 837 Nec
747 793 884 835 mea
907 773 986 835 de
1016 772 1220 835 sterili
1240 773 1406 833 facta
1426 774 1643 853 rapina
1664 772 1866 837 domo.

515 859 635 937 Tu,
655 857 917 940 Lepide,
952 864 1020 918 et
1041 864 1129 937 tu,
1157 856 1395 935 Paulle,
1418 876 1619 918 meum
1639 864 1783 938 post
1803 858 1931 919 fata
1950 855 2261 939 levamen,

599 942 868 1006 Condita
895 949 1038 1003 sunt
1056 948 1265 1003 vestro
1285 940 1519 1003 lumina
1538 948 1752 1005 nostra
1774 943 1931 1006 sinu.

405 1036 472 1091 65
514 1027 798 1091 Vidimus
819 1033 886 1087 et
905 1027 1168 1088 fratrem
1189 1025 1405 1088 sellam
1427 1028 1768 1105 geminasse
1792 1025 2091 1105 curulem,

597 1109 870 1173 Consule
893 1131 1014 1190 quo
1036 1111 1203 1171 facto
1229 1118 1514 1192 tempore
1536 1116 1714 1191 rapta
1734 1130 1931 1171 soror.

510 1193 694 1272 Filia,
717 1202 786 1255 tu
810 1196 1126 1276 specimen
1150 1214 1447 1255 censurae
1469 1202 1613 1255 nata
1632 1201 1952 1275 paternae,

591 1280 718 1339 Fac
734 1286 950 1339 teneas
971 1298 1158 1337 unum
1177 1297 1292 1338 nos
1314 1280 1549 1339 imitata
1568 1280 1787 1357 virum,

507 1363 592 1423 Et
613 1364 778 1421 serie
799 1361 1018 1421 fulcite
1041 1379 1264 1439 genus:
1309 1362 1460 1421 mihi
1484 1363 1699 1440 cymba
1718 1361 1957 1423 volenti

403 1454 472 1509 70
593 1440 868 1505 Solvitur
891 1446 1160 1504 aucturis
1180 1450 1278 1504 tot
1297 1461 1435 1505 mea
1458 1446 1586 1505 fata
1608 1448 1783 1507 meis.

506 1530 680 1589 Haec
701 1534 800 1589 est
819 1528 1077 1588 feminei
1097 1548 1339 1589 merces
1363 1535 1639 1591 extrema
1658 1531 1977 1611 triumphi,

588 1610 828 1673 Laudat
846 1613 954 1673 ubi
975 1614 1304 1675 emeritum
1326 1612 1527 1675 libera
1547 1615 1709 1675 fama
1727 1633 1963 1693 rogum.

504 1697 680 1757 Nunc
699 1698 816 1758 tibi
840 1696 1200 1758 commendo
1225 1700 1567 1759 communia
1585 1699 1845 1780 pignora
1865 1704 2041 1759 natos
2058 1719 2077 1757 ι

586 1782 758 1841 Haec
782 1801 928 1841 cura
951 1790 1017 1842 et
1040 1782 1238 1842 cineri
1260 1784 1456 1863 spirat
1477 1784 1683 1843 inusta
1702 1802 1858 1843 meo.

399 1871 467 1925 ⁷5
506 1866 798 1945 Fungere
819 1868 1116 1927 maternis
1137 1868 1394 1945 vicibus,
1420 1874 1634 1948 pater:
1675 1866 1786 1927 illa
1809 1884 2087 1928 meorum

589 1950 802 2011 Omnis
826 1951 950 2010 erit
973 1949 1131 2011 collo
1155 1952 1337 2011 turba
1354 1951 1620 2012 ferenda
1643 1958 1767 2019 tuo.

505 2032 732 2097 Oscula
755 2054 892 2097 cum
918 2033 1168 2096 dederis
1189 2040 1296 2094 tua
1322 2036 1637 2113 flentibus,
1660 2034 1835 2094 adice
1857 2034 2106 2094 matris:

586 2121 748 2181 Tota
771 2120 984 2181 domus
1009 2119 1218 2198 coepit
1237 2137 1401 2178 nunc
1426 2139 1577 2179 onus
1602 2136 1739 2179 esse
1761 2123 1950 2177 tuum.

498 2205 583 2264 Et
604 2206 657 2264 si
683 2203 832 2284 quid
855 2202 1160 2265 doliturus
1185 2202 1332 2283 eris,
1364 2204 1499 2261 sine
1521 2203 1785 2262 testibus
1806 2199 1964 2261 illis:

389 2294 461 2348 80
585 2289 736 2347 Cum
760 2288 1032 2364 venient,
1061 2288 1241 2347 siccis
1264 2284 1470 2348 oscula
1492 2284 1643 2348 falle
1666 2288 1859 2367 genis.

499 2370 609 2431 Sat
629 2372 745 2431 tibi
768 2372 894 2432 sint
914 2377 1152 2449 noctes,
1177 2390 1326 2451 quas
1350 2370 1429 2431 de
1452 2391 1573 2450 me,
1593 2371 1835 2446 Paulle‚
1856 2369 2103 2451 fatiges,

579 2457 952 2535 Somniaque
971 2458 1036 2516 in
1057 2456 1281 2517 faciem
1304 2455 1544 2517 credita
1566 2476 1753 2538 saepe
1778 2476 2007 2519 meam:

495 2542 704 2621 Atque
725 2542 832 2602 ubi
853 2548 1098 2601 secreto
1122 2547 1335 2601 nostra
1356 2540 1435 2601 ad
1458 2540 1781 2603 simulacra
1799 2540 2097 2622 loqueris,

579 2626 668 2687 Ut
691 2644 1104 2707 responsurae
1128 2624 1367 2704 singula
1387 2628 1579 2687 verba
1597 2628 1752 2687 iace.

389 2716 458 2771 85
502 2709 627 2769 Seu
647 2716 856 2770 tamen
883 2708 1206 2770 adversum
1227 2712 1480 2773 mutarit
1499 2711 1679 2770 ianua
1702 2708 1955 2787 lectum,

489 2838 494 2841 -
579 2793 832 2855 Sederit
853 2800 918 2855 et
939 2801 1152 2855 nostro
1177 2800 1353 2854 cauta
1375 2813 1641 2855 noverca
1660 2802 1823 2871 toro,

496 2877 880 2957 Coniugium,
903 2880 1103 2959 pueri,
1124 2876 1372 2938 laudate
1396 2884 1463 2938 et
1480 2879 1647 2938 ferte
1668 2885 1993 2958 paternum
2007 2896 2026 2935 ι

578 2962 773 3041 Capta
782 2961 966 3023 dabit
986 2964 1210 3022 vestris
1234 2964 1507 3023 moribus
1529 2960 1639 3022 illa
1659 2979 1891 3023 manus.

493 3043 623 3104 Nec
645 3050 904 3106 matrem
923 3045 1173 3107 laudate
1194 3048 1409 3107 nimis:
1454 3044 1675 3107 collata
1692 3044 1893 3125 priori

388 3134 460 3189 90
581 3128 812 3190 Vertet
829 3131 896 3188 in
919 3132 1186 3191 offensas
1205 3129 1410 3192 libera
1428 3131 1619 3191 verba
1642 3148 1799 3189 suas.

493 3211 615 3273 Seu
643 3231 881 3276 memor
899 3211 1010 3273 illc
1032 3232 1170 3274 mea
1189 3220 1519 3275 contentus
1538 3213 1836 3273 manserit
1856 3212 2071 3272 umbra

570 3298 655 3357 Et
676 3299 833 3357 tanti
855 3298 1098 3374 cineres
1121 3296 1367 3359 duxerit
1388 3316 1527 3359 esse
1550 3316 1743 3376 meos,

489 3377 725 3440 Discite
751 3386 1070 3441 venturam
1089 3382 1210 3440 iam
1231 3400 1395 3443 nune
1416 3382 1652 3441 sentire
1676 3387 2009 3459 senectam,

575 3462 844 3524 Caelibis
868 3462 945 3524 ad
967 3482 1142 3524 curas
1163 3482 1282 3525 nec
1303 3472 1481 3525 vacet
1501 3462 1629 3525 ulla
1650 3468 1762 3527 via.
