2592 3867
445 196 528 261 86
1037 190 1766 255 Pnol’nn'rll

613 366 821 441 Curia,
841 369 1168 445 praetexto
1193 380 1351 442 quae
1372 380 1534 421 nunc
1560 364 1721 422 nitet
1742 359 1869 423 alta
1894 361 2150 439 Senatu,

691 447 958 508 Pellitos
979 448 1215 524 habuit,
1237 448 1471 506 rustica
1492 444 1701 522 eorda,
1722 452 1955 527 patres.
2132 442 2137 447 ’

611 534 880 593 Buecina
901 532 1162 609 cogebat
1180 532 1422 611 priseos
1446 529 1524 589 ad
1544 531 1731 590 verba
1757 530 2067 606 Quirites:

696 617 962 676 Centum
987 613 1086 675 illi
1105 616 1172 673 in
1191 619 1374 693 prato
1396 630 1583 693 saepe
1606 612 1871 673 Senatus
1894 622 2048 677 erat.

507 711 573 762 15
615 699 673 759 N
671 718 746 759 ec
767 701 1014 759 sinuosa
1035 718 1180 758 cavo
1201 696 1563 777 pendebant
1582 695 1721 757 vela
1740 699 2010 774 theatro,

689 780 940 863 Pulpita
963 780 1284 842 sollemnis
1305 798 1433 840 non
1454 779 1673 840 oluere
1695 800 1930 843 crocos.

610 865 782 926 Nulli
805 885 952 925 eura
971 866 1094 925 fuit
1116 870 1409 925 externos
1434 882 1737 943 quaerere
1762 863 1952 943 divos,

695 950 854 1010 Cum
875 954 1180 1010 tremeret
1197 950 1403 1029 patrio
1424 947 1697 1028 pendula
1718 950 2116 1025 turbauere,
2236 940 2251 951 ‘

612 1034 957 1112 Annuaque
980 1050 1239 1093 accenso
1263 1031 1589 1093 celebrare
1608 1030 1842 1092 Parilia
1860 1032 2069 1109 faeno,

503 1126 576 1178 20
698 1115 918 1193 Qualia
937 1134 1102 1177 nune
1127 1122 1303 1176 curto
1324 1114 1523 1176 lustra
1542 1122 1846 1177 novantur
1866 1134 2046 1195 eque.

612 1201 806 1262 Vesta
829 1202 1138 1260 coronatis
1158 1220 1396 1279 pauper
1419 1199 1724 1278 gaudebat
1745 1198 1975 1276 asellis,

692 1284 1014 1345 Ducebant
1033 1302 1276 1343 macrae
1297 1282 1445 1343 vilia
1466 1302 1639 1344 sacra
1658 1286 1866 1344 boves.

606 1368 803 1427 Parva
824 1368 1084 1445 saginati
1102 1366 1449 1428 lustrabant
1471 1369 1737 1447 compita
1755 1369 1952 1447 porci,

687 1451 912 1510 Pastor
936 1456 1003 1510 et
1023 1448 1102 1510 ad
1125 1448 1391 1511 calamos
1414 1456 1555 1510 exta
1574 1449 1795 1511 litabat
1814 1450 1962 1511 ovis.

499 1544 569 1595 25
612 1534 898 1595 Verbera
917 1531 1176 1615 pellitus
1199 1541 1442 1595 saetosa
1466 1537 1749 1596 movebat
1766 1540 1996 1610 arator,

691 1616 874 1678 Unde
894 1616 1095 1679 licens
1115 1618 1345 1679 Fabius
1367 1639 1540 1679 sacra
1560 1620 1878 1700 Lupercus
1899 1618 2103 1678 habet.

608 1700 740 1761 Nee
761 1701 936 1763 rudis
955 1703 1205 1764 infestis
1231 1704 1410 1765 miles
1432 1702 1711 1763 radiabat
1728 1703 1794 1762 in
1820 1703 2035 1764 armis:

689 1786 1042 1849 Miscebant
1063 1793 1200 1847 usta
1219 1786 1463 1868 proelia
1488 1787 1651 1847 nuda
1672 1786 1843 1847 sude.

474 1925 500 1951 ,ι
603 1871 811 1933 Prima
834 1871 1131 1953 galeritus
1151 1872 1363 1951 posuit
1379 1872 1696 1952 praetoria
1714 1870 2011 1949 Lycmon,

498 1963 570 2016 30
689 1958 1041 2037 Magnaque
1065 1974 1208 2034 pars
1233 1955 1417 2014 Tatio
1446 1974 1655 2015 rerum
1678 1960 1815 2013 erat
1835 1956 2003 2014 inter
2026 1970 2186 2012 oves.

604 2038 768 2098 Hinc
793 2041 1039 2099 Titiens
1058 2038 1449 2116 Ramnesque
1474 2040 1591 2096 viri
1615 2038 2013 2113 Luceresque
2044 2034 2272 2114 coloni,

683 2122 987 2196 Quattuor
1007 2123 1154 2181 hine
1176 2117 1350 2182 albos
1372 2120 1665 2182 Romulus
1684 2119 1812 2197 egit
1834 2136 2043 2197 equos.

604 2205 847 2283 Quippe
871 2205 1260 2264 suburbanae
1283 2225 1471 2284 parva
1494 2205 1728 2262 eminus
1750 2203 1906 2262 urbe
1930 2200 2205 2263 Bovillae

684 2288 788 2362 Et,
813 2288 917 2365 qui
942 2306 1104 2345 nunc
1127 2284 1307 2363 nulli,
1334 2288 1591 2346 maxima
1611 2287 1793 2346 turba
1816 2286 1995 2363 Gabi,

494 2376 562 2431 35
604 2368 690 2428 Et
715 2370 893 2428 stetit
912 2367 1075 2429 Alba
1099 2374 1347 2450 potens,
1374 2368 1549 2430 albae
1574 2372 1699 2430 suis
1724 2371 1928 2429 omine
1950 2376 2113 2446 nata,

684 2453 838 2529 Hac,
861 2454 967 2513 ubi
987 2453 1262 2513 Fidenas
1280 2453 1469 2533 longe
1494 2459 1631 2513 erat
1649 2456 1746 2514 ire
1768 2455 1913 2514 vias.

599 2534 702 2595 Nil
723 2538 992 2616 patrium
1013 2538 1135 2597 nisi
1154 2556 1380 2597 nomen
1402 2540 1593 2599 habet
1612 2539 1920 2602 Romanus
1944 2536 2251 2596 alumnus:

661 2620 1010 2700 Sanguinis
1037 2621 1321 2682 altricem
1342 2642 1466 2688 non
1486 2620 1688 2703 pudet
1710 2640 1850 2683 esse
1870 2621 2093 2701 lupam.

600 2704 739 2763 Huc
760 2704 984 2765 melius
1007 2706 1306 2786 profugos
1328 2708 1569 2785 misisti,
1595 2707 1808 2784 Troia,
1828 2710 2104 2786 penates.

492 2796 564 2849 40
687 2787 740 2847 Ο
765 2787 934 2868 quali
955 2795 1133 2849 vecta
1156 2796 1255 2849 est
1273 2789 1557 2850 Dardana
1575 2792 1801 2872 puppis
1824 2790 1963 2849 ave!
2040 2830 2043 2833 -

599 2870 722 2931 Iam
743 2874 906 2941 bene
931 2871 1319 2953 spondebant
1338 2879 1487 2933 tunc
1508 2876 1731 2951 omina,
1756 2870 1922 2951 quod
1940 2869 2098 2931 nihil
2118 2868 2287 2931 illam

685 2954 984 3016 Laeserat
1007 2957 1251 3035 abiegni
1271 2966 1493 3015 venter
1514 2962 1764 3037 apertus
1788 2956 1955 3032 equi,
1994 3027 1997 3029 v

604 3037 760 3097 Cum
783 3047 965 3117 pater
985 3042 1052 3098 in
1077 3042 1248 3119 gn‘ati
1267 3038 1551 3120 trepidus
1575 3040 1815 3100 cervice
1836 3034 2163 3117 pependit,

681 3120 766 3179 Et
786 3122 986 3180 verita
1007 3130 1107 3181 est
1127 3126 1419 3183 humeros
1441 3142 1629 3184 urere
1649 3124 1889 3183 flamma
1910 3122 2068 3200 pios.

489 3212 558 3265 45
604 3203 782 3263 Tune
806 3204 988 3263 animi
1011 3224 1242 3265 venere
1263 3206 1417 3266 Deci
1438 3208 1739 3285 Brutique
1762 3222 2039 3281 secures,

681 3286 870 3348 Vexit
892 3293 958 3346 et
977 3289 1112 3367 ipsa
1139 3290 1235 3348 sui
1259 3289 1543 3349 Caesaris
1566 3309 1733 3351 arma
1751 3288 1990 3365 Venus,

597 3372 787 3429 Arma
807 3372 1192 3448 resurgentis
1213 3378 1469 3453 portans
1489 3374 1769 3433 victricia
1791 3374 2056 3433 Troiae:

675 3451 860 3513 Felix
879 3460 1052 3514 terra
1071 3460 1213 3514 tuos
1238 3457 1427 3534 cepit,
1446 3453 1600 3535 Iule,
1624 3455 1777 3517 deos
1794 3479 1813 3531 3
