<?xml version="1.0" encoding="UTF-8"?>
<!DOCTYPE html PUBLIC "-//W3C//DTD XHTML 1.0 Transitional//EN"
    "http://www.w3.org/TR/xhtml1/DTD/xhtml1-transitional.dtd">
<html xmlns="http://www.w3.org/1999/xhtml" xml:lang="en" lang="en">
 <head>
  <title>
</title>
<meta http-equiv="Content-Type" content="text/html;charset=utf-8" />
  <meta name='ocr-system' content='tesseract 3.04.00' />
  <meta name='ocr-capabilities' content='ocr_page ocr_carea ocr_par ocr_line ocrx_word'/>
</head>
<body>
  <div class='ocr_page' id='page_1' title='image "./sexpropertiiele00keilgoog_0068.png"; bbox 0 0 2592 3867; ppageno 0'>
   <div class='ocr_carea' id='block_1_1' title="bbox 449 127 1773 206">
    <p class='ocr_par' dir='ltr' id='par_1_1' title="bbox 449 127 1773 206">
     <span class='ocr_line' id='line_1_1' title="bbox 449 127 1773 206; baseline -0.011 0"><span class='ocrx_word' id='word_1_1' title='bbox 449 141 531 206; x_wconf 82' lang='lat'><strong>58</strong></span> <span class='ocrx_word' id='word_1_2' title='bbox 969 127 1773 195; x_wconf 78' lang='lat' dir='ltr'>·PROPERT11</span> 
     </span>
    </p>
   </div>
   <div class='ocr_carea' id='block_1_2' title="bbox 507 297 2225 1383">
    <p class='ocr_par' dir='ltr' id='par_1_2' title="bbox 507 297 2225 1383">
     <span class='ocr_line' id='line_1_2' title="bbox 697 297 1949 378; baseline -0.007 -11"><span class='ocrx_word' id='word_1_3' title='bbox 697 306 836 367; x_wconf 79' lang='lat' dir='ltr'><strong>Sive</strong></span> <span class='ocrx_word' id='word_1_4' title='bbox 860 306 928 364; x_wconf 84' lang='lat' dir='ltr'><strong>in</strong></span> <span class='ocrx_word' id='word_1_5' title='bbox 956 319 1163 362; x_wconf 85' lang='lat' dir='ltr'><strong>amore</strong></span> <span class='ocrx_word' id='word_1_6' title='bbox 1188 297 1361 359; x_wconf 85' lang='lat' dir='ltr'><strong>rudis</strong></span> <span class='ocrx_word' id='word_1_7' title='bbox 1386 298 1514 357; x_wconf 82' lang='lat' dir='ltr'><strong>sive</strong></span> <span class='ocrx_word' id='word_1_8' title='bbox 1541 298 1783 378; x_wconf 88' lang='lat' dir='ltr'><strong>peritus</strong></span> <span class='ocrx_word' id='word_1_9' title='bbox 1806 298 1949 358; x_wconf 86' lang='lat' dir='ltr'><strong>erit.</strong></span> 
     </span>
     <span class='ocr_line' id='line_1_3' title="bbox 613 380 2225 459; baseline -0.004 -8"><span class='ocrx_word' id='word_1_10' title='bbox 613 390 745 451; x_wconf 86' lang='lat' dir='ltr'><strong>Nec</strong></span> <span class='ocrx_word' id='word_1_11' title='bbox 765 390 968 449; x_wconf 81' lang='lat' dir='ltr'><strong>miuor</strong></span> <span class='ocrx_word' id='word_1_12' title='bbox 987 387 1086 446; x_wconf 89' lang='lat' dir='ltr'><strong>his</strong></span> <span class='ocrx_word' id='word_1_13' title='bbox 1111 384 1327 443; x_wconf 86' lang='lat' dir='ltr'><strong>animis</strong></span> <span class='ocrx_word' id='word_1_14' title='bbox 1352 386 1476 459; x_wconf 85' lang='lat' dir='ltr'><strong>aut,</strong></span> <span class='ocrx_word' id='word_1_15' title='bbox 1498 382 1553 440; x_wconf 86' lang='lat' dir='ltr'><strong>si</strong></span> <span class='ocrx_word' id='word_1_16' title='bbox 1574 380 1797 457; x_wconf 86' lang='lat' dir='ltr'><strong>minor,</strong></span> <span class='ocrx_word' id='word_1_17' title='bbox 1823 399 1934 441; x_wconf 87' lang='lat' dir='ltr'><strong>ore</strong></span> <span class='ocrx_word' id='word_1_18' title='bbox 1958 399 2225 445; x_wconf 71' lang='lat' dir='ltr'><strong>canorus</strong></span> 
     </span>
     <span class='ocr_line' id='line_1_4' title="bbox 695 462 1912 533; baseline -0.006 0"><span class='ocrx_word' id='word_1_19' title='bbox 695 472 955 533; x_wconf 86' lang='lat' dir='ltr'><strong>Anseris</strong></span> <span class='ocrx_word' id='word_1_20' title='bbox 976 467 1226 530; x_wconf 83' lang='lat' dir='ltr'><strong>indocto</strong></span> <span class='ocrx_word' id='word_1_21' title='bbox 1251 467 1521 525; x_wconf 78' lang='lat' dir='ltr'><strong>carmine</strong></span> <span class='ocrx_word' id='word_1_22' title='bbox 1546 465 1735 524; x_wconf 73' lang='lat' dir='ltr'><strong>cessit</strong></span> <span class='ocrx_word' id='word_1_23' title='bbox 1756 462 1912 526; x_wconf 91' lang='lat' dir='ltr'><strong>olor.</strong></span> 
     </span>
     <span class='ocr_line' id='line_1_5' title="bbox 507 546 2136 635; baseline -0.004 -17"><span class='ocrx_word' id='word_1_24' title='bbox 507 566 576 623; x_wconf 80' lang='lat'><strong>85</strong></span> <span class='ocrx_word' id='word_1_25' title='bbox 617 557 791 617; x_wconf 83' lang='lat' dir='ltr'><strong>Haec</strong></span> <span class='ocrx_word' id='word_1_26' title='bbox 817 570 1062 635; x_wconf 84' lang='lat' dir='ltr'><strong>quoque</strong></span> <span class='ocrx_word' id='word_1_27' title='bbox 1082 550 1369 631; x_wconf 80' lang='lat' dir='ltr'><strong>perfecto</strong></span> <span class='ocrx_word' id='word_1_28' title='bbox 1390 546 1651 609; x_wconf 84' lang='lat' dir='ltr'><strong>ludebat</strong></span> <span class='ocrx_word' id='word_1_29' title='bbox 1671 548 1889 608; x_wconf 89' lang='lat' dir='ltr'><strong>Iasone</strong></span> <span class='ocrx_word' id='word_1_30' title='bbox 1910 549 2136 629; x_wconf 86' lang='lat' dir='ltr'><strong>Varro,</strong></span> 
     </span>
     <span class='ocr_line' id='line_1_6' title="bbox 694 632 1995 705; baseline -0.006 -3"><span class='ocrx_word' id='word_1_31' title='bbox 694 640 898 703; x_wconf 84' lang='lat' dir='ltr'><strong>Varro</strong></span> <span class='ocrx_word' id='word_1_32' title='bbox 918 634 1263 705; x_wconf 76' lang='lat' dir='ltr'><strong>Leucadiae</strong></span> <span class='ocrx_word' id='word_1_33' title='bbox 1285 633 1543 693; x_wconf 80' lang='lat' dir='ltr'><strong>maxima</strong></span> <span class='ocrx_word' id='word_1_34' title='bbox 1562 632 1805 691; x_wconf 86' lang='lat' dir='ltr'><strong>flamma</strong></span> <span class='ocrx_word' id='word_1_35' title='bbox 1828 651 1995 694; x_wconf 79' lang='lat' dir='ltr'><strong>suae.</strong></span> 
     </span>
     <span class='ocr_line' id='line_1_7' title="bbox 613 714 2171 800; baseline -0.004 -16"><span class='ocrx_word' id='word_1_36' title='bbox 613 724 788 784; x_wconf 89' lang='lat' dir='ltr'><strong>Haec</strong></span> <span class='ocrx_word' id='word_1_37' title='bbox 810 738 1056 800; x_wconf 90' lang='lat' dir='ltr'><strong>quoque</strong></span> <span class='ocrx_word' id='word_1_38' title='bbox 1075 717 1290 778; x_wconf 85' lang='lat' dir='ltr'><strong>lascivi</strong></span> <span class='ocrx_word' id='word_1_39' title='bbox 1314 722 1639 775; x_wconf 77' lang='lat' dir='ltr'><strong>cantarunt</strong></span> <span class='ocrx_word' id='word_1_40' title='bbox 1660 718 1892 796; x_wconf 84' lang='lat' dir='ltr'><strong>scripta</strong></span> <span class='ocrx_word' id='word_1_41' title='bbox 1914 714 2171 796; x_wconf 73' lang='lat' dir='ltr'><strong>Catulli,</strong></span> 
     </span>
     <span class='ocr_line' id='line_1_8' title="bbox 694 798 1875 882; baseline -0.004 -16"><span class='ocrx_word' id='word_1_42' title='bbox 694 806 922 866; x_wconf 87' lang='lat' dir='ltr'><strong>Lesbia</strong></span> <span class='ocrx_word' id='word_1_43' title='bbox 946 804 1082 882; x_wconf 89' lang='lat' dir='ltr'><strong>quis</strong></span> <span class='ocrx_word' id='word_1_44' title='bbox 1103 804 1239 882; x_wconf 85' lang='lat' dir='ltr'><strong>ipsa</strong></span> <span class='ocrx_word' id='word_1_45' title='bbox 1258 800 1469 859; x_wconf 89' lang='lat' dir='ltr'><strong>notior</strong></span> <span class='ocrx_word' id='word_1_46' title='bbox 1492 807 1591 859; x_wconf 85' lang='lat' dir='ltr'><strong>est</strong></span> <span class='ocrx_word' id='word_1_47' title='bbox 1610 798 1875 861; x_wconf 83' lang='lat' dir='ltr'><strong>Helena.</strong></span> 
     </span>
     <span class='ocr_line' id='line_1_9' title="bbox 612 884 2076 964; baseline -0.005 -13"><span class='ocrx_word' id='word_1_48' title='bbox 612 890 785 951; x_wconf 79' lang='lat' dir='ltr'><strong>Haec</strong></span> <span class='ocrx_word' id='word_1_49' title='bbox 809 889 995 948; x_wconf 83' lang='lat' dir='ltr'><strong>etiam</strong></span> <span class='ocrx_word' id='word_1_50' title='bbox 1019 886 1189 946; x_wconf 90' lang='lat' dir='ltr'><strong>docti</strong></span> <span class='ocrx_word' id='word_1_51' title='bbox 1211 884 1496 943; x_wconf 86' lang='lat' dir='ltr'><strong>confessa</strong></span> <span class='ocrx_word' id='word_1_52' title='bbox 1521 888 1617 946; x_wconf 83' lang='lat' dir='ltr'><strong>est</strong></span> <span class='ocrx_word' id='word_1_53' title='bbox 1636 886 1859 964; x_wconf 81' lang='lat' dir='ltr'><strong>pagina</strong></span> <span class='ocrx_word' id='word_1_54' title='bbox 1881 884 2076 962; x_wconf 74' lang='lat' dir='ltr'><strong>Calvi,</strong></span> 
     </span>
     <span class='ocr_line' id='line_1_10' title="bbox 507 965 2053 1043; baseline -0.004 -7"><span class='ocrx_word' id='word_1_55' title='bbox 507 982 577 1037; x_wconf 82' lang='lat'><strong>90</strong></span> <span class='ocrx_word' id='word_1_56' title='bbox 699 973 855 1033; x_wconf 80' lang='lat' dir='ltr'><strong>Cum</strong></span> <span class='ocrx_word' id='word_1_57' title='bbox 878 974 1134 1032; x_wconf 75' lang='lat' dir='ltr'><strong>caneret</strong></span> <span class='ocrx_word' id='word_1_58' title='bbox 1159 970 1424 1029; x_wconf 78' lang='lat' dir='ltr'><strong>miserae</strong></span> <span class='ocrx_word' id='word_1_59' title='bbox 1446 966 1671 1027; x_wconf 84' lang='lat' dir='ltr'><strong>funera</strong></span> <span class='ocrx_word' id='word_1_60' title='bbox 1692 965 2053 1043; x_wconf 76' lang='lat' dir='ltr'><strong>Quintiliae.</strong></span> 
     </span>
     <span class='ocr_line' id='line_1_11' title="bbox 611 1048 2185 1132; baseline -0.004 -13"><span class='ocrx_word' id='word_1_61' title='bbox 611 1057 696 1119; x_wconf 79' lang='lat' dir='ltr'><strong>Et</strong></span> <span class='ocrx_word' id='word_1_62' title='bbox 716 1056 901 1117; x_wconf 87' lang='lat' dir='ltr'><strong>modo</strong></span> <span class='ocrx_word' id='word_1_63' title='bbox 925 1057 1196 1116; x_wconf 72' lang='lat' dir='ltr'><strong>formosa</strong></span> <span class='ocrx_word' id='word_1_64' title='bbox 1219 1072 1399 1132; x_wconf 86' lang='lat' dir='ltr'><strong>quam</strong></span> <span class='ocrx_word' id='word_1_65' title='bbox 1419 1048 1613 1111; x_wconf 86' lang='lat' dir='ltr'><strong>multa</strong></span> <span class='ocrx_word' id='word_1_66' title='bbox 1634 1050 1945 1130; x_wconf 78' lang='lat' dir='ltr'><strong>Lycoride</strong></span> <span class='ocrx_word' id='word_1_67' title='bbox 1970 1048 2185 1113; x_wconf 75' lang='lat' dir='ltr'><strong>Gallus</strong></span> 
     </span>
     <span class='ocr_line' id='line_1_12' title="bbox 691 1131 1910 1215; baseline -0.004 -15"><span class='ocrx_word' id='word_1_68' title='bbox 691 1140 980 1200; x_wconf 80' lang='lat' dir='ltr'><strong>Mortuus</strong></span> <span class='ocrx_word' id='word_1_69' title='bbox 1002 1139 1250 1199; x_wconf 89' lang='lat' dir='ltr'><strong>inferna</strong></span> <span class='ocrx_word' id='word_1_70' title='bbox 1269 1134 1529 1195; x_wconf 79' lang='lat' dir='ltr'><strong>vulnera</strong></span> <span class='ocrx_word' id='word_1_71' title='bbox 1546 1131 1701 1195; x_wconf 78' lang='lat' dir='ltr'><strong>lavit</strong></span> <span class='ocrx_word' id='word_1_72' title='bbox 1724 1137 1910 1215; x_wconf 85' lang='lat' dir='ltr'><strong>aqua!</strong></span> 
     </span>
     <span class='ocr_line' id='line_1_13' title="bbox 614 1216 2071 1302; baseline -0.003 -19"><span class='ocrx_word' id='word_1_73' title='bbox 614 1223 883 1301; x_wconf 79' lang='lat' dir='ltr'><strong>Cynthia</strong></span> <span class='ocrx_word' id='word_1_74' title='bbox 905 1224 1053 1302; x_wconf 87' lang='lat' dir='ltr'><strong>quin</strong></span> <span class='ocrx_word' id='word_1_75' title='bbox 1075 1222 1261 1280; x_wconf 85' lang='lat' dir='ltr'><strong>etiam</strong></span> <span class='ocrx_word' id='word_1_76' title='bbox 1280 1235 1465 1279; x_wconf 84' lang='lat' dir='ltr'><strong>versu</strong></span> <span class='ocrx_word' id='word_1_77' title='bbox 1484 1216 1735 1287; x_wconf 73' lang='lat' dir='ltr'><strong>laudata</strong></span> <span class='ocrx_word' id='word_1_78' title='bbox 1754 1220 2071 1300; x_wconf 84' lang='lat' dir='ltr'><strong>Properti,</strong></span> 
     </span>
     <span class='ocr_line' id='line_1_14' title="bbox 691 1301 1887 1383; baseline -0.002 -18"><span class='ocrx_word' id='word_1_79' title='bbox 691 1306 826 1365; x_wconf 87' lang='lat' dir='ltr'><strong>Hos</strong></span> <span class='ocrx_word' id='word_1_80' title='bbox 845 1307 1014 1364; x_wconf 90' lang='lat' dir='ltr'><strong>inter</strong></span> <span class='ocrx_word' id='word_1_81' title='bbox 1035 1306 1089 1364; x_wconf 89' lang='lat' dir='ltr'><strong>si</strong></span> <span class='ocrx_word' id='word_1_82' title='bbox 1111 1322 1209 1363; x_wconf 90' lang='lat' dir='ltr'><strong>me</strong></span> <span class='ocrx_word' id='word_1_83' title='bbox 1232 1320 1471 1383; x_wconf 88' lang='lat' dir='ltr'><strong>ponere</strong></span> <span class='ocrx_word' id='word_1_84' title='bbox 1492 1302 1682 1363; x_wconf 78' lang='lat' dir='ltr'><strong>Fama</strong></span> <span class='ocrx_word' id='word_1_85' title='bbox 1702 1301 1887 1363; x_wconf 83' lang='lat' dir='ltr'><strong>volet.</strong></span> 
     </span>
    </p>
   </div>
   <div class='ocr_carea' id='block_1_3' title="bbox 635 1519 2129 1681">
    <p class='ocr_par' dir='ltr' id='par_1_3' title="bbox 635 1519 2129 1681">
     <span class='ocr_line' id='line_1_15' title="bbox 635 1519 2129 1681; baseline -0.001 -24"><span class='ocrx_word' id='word_1_86' title='bbox 635 1519 2129 1681; x_wconf 70' lang='lat' dir='ltr'><strong>sEx.PRoPERTu</strong></span> 
     </span>
    </p>
   </div>
   <div class='ocr_carea' id='block_1_4' title="bbox 839 1720 2373 1955">
    <p class='ocr_par' dir='ltr' id='par_1_4' title="bbox 839 1720 2373 1955">
     <span class='ocr_line' id='line_1_16' title="bbox 1059 1720 1741 1803; baseline 0 -2"><span class='ocrx_word' id='word_1_87' title='bbox 1059 1720 1741 1803; x_wconf 79' lang='lat' dir='ltr'><strong>ELEGIARUM</strong></span> 
     </span>
     <span class='ocr_line' id='line_1_17' title="bbox 839 1862 2373 1955; baseline 0 -26"><span class='ocrx_word' id='word_1_88' title='bbox 839 1866 1224 1929; x_wconf 80' lang='lat' dir='ltr'>LIBER</span> <span class='ocrx_word' id='word_1_89' title='bbox 1310 1866 1953 1955; x_wconf 72' lang='lat' dir='ltr'>QUARTUS.</span> <span class='ocrx_word' id='word_1_90' title='bbox 2279 1862 2373 1929; x_wconf 88' lang='lat'><strong>111</strong></span> 
     </span>
    </p>
   </div>
   <div class='ocr_carea' id='block_1_5' title="bbox 451 2020 2319 3473">
    <p class='ocr_par' dir='ltr' id='par_1_5' title="bbox 451 2020 2319 3473">
     <span class='ocr_line' id='line_1_18' title="bbox 525 2020 1984 2132; baseline 0.001 -19"><span class='ocrx_word' id='word_1_91' title='bbox 525 2022 568 2113; x_wconf 78' lang='lat'><strong>1</strong></span> <span class='ocrx_word' id='word_1_92' title='bbox 610 2020 984 2112; x_wconf 77' lang='lat' dir='ltr'><strong>Callimachi</strong></span> <span class='ocrx_word' id='word_1_93' title='bbox 1005 2052 1226 2112; x_wconf 88' lang='lat' dir='ltr'><strong>Manes</strong></span> <span class='ocrx_word' id='word_1_94' title='bbox 1249 2060 1318 2114; x_wconf 90' lang='lat' dir='ltr'><strong>et</strong></span> <span class='ocrx_word' id='word_1_95' title='bbox 1341 2055 1456 2115; x_wconf 83' lang='lat' dir='ltr'><strong>coi</strong></span> <span class='ocrx_word' id='word_1_96' title='bbox 1478 2074 1653 2114; x_wconf 84' lang='lat' dir='ltr'><strong>sacra</strong></span> <span class='ocrx_word' id='word_1_97' title='bbox 1672 2050 1984 2132; x_wconf 63' lang='lat' dir='ltr'><strong>Philet-e,</strong></span> 
     </span>
     <span class='ocr_line' id='line_1_19' title="bbox 690 2136 2057 2217; baseline 0.003 -22"><span class='ocrx_word' id='word_1_98' title='bbox 690 2136 759 2195; x_wconf 92' lang='lat' dir='ltr'><strong>In</strong></span> <span class='ocrx_word' id='word_1_99' title='bbox 778 2141 1071 2212; x_wconf 84' lang='lat' dir='ltr'><strong>vestrum,</strong></span> <span class='ocrx_word' id='word_1_100' title='bbox 1096 2154 1348 2217; x_wconf 78' lang='lat' dir='ltr'><strong>quaeso,</strong></span> <span class='ocrx_word' id='word_1_101' title='bbox 1372 2156 1471 2198; x_wconf 91' lang='lat' dir='ltr'><strong>me</strong></span> <span class='ocrx_word' id='word_1_102' title='bbox 1495 2138 1682 2197; x_wconf 88' lang='lat' dir='ltr'><strong>sinite</strong></span> <span class='ocrx_word' id='word_1_103' title='bbox 1701 2137 1799 2196; x_wconf 86' lang='lat' dir='ltr'><strong>ire</strong></span> <span class='ocrx_word' id='word_1_104' title='bbox 1821 2155 2057 2199; x_wconf 87' lang='lat' dir='ltr'><strong>nemus.</strong></span> 
     </span>
     <span class='ocr_line' id='line_1_20' title="bbox 605 2217 2132 2301; baseline 0.004 -24"><span class='ocrx_word' id='word_1_105' title='bbox 605 2218 848 2278; x_wconf 77' lang='lat' dir='ltr'><strong>Primus</strong></span> <span class='ocrx_word' id='word_1_106' title='bbox 871 2236 986 2296; x_wconf 85' lang='lat' dir='ltr'><strong>ego</strong></span> <span class='ocrx_word' id='word_1_107' title='bbox 1010 2217 1333 2297; x_wconf 85' lang='lat' dir='ltr'><strong>ingredior</strong></span> <span class='ocrx_word' id='word_1_108' title='bbox 1351 2239 1508 2301; x_wconf 88' lang='lat' dir='ltr'><strong>puro</strong></span> <span class='ocrx_word' id='word_1_109' title='bbox 1533 2217 1613 2280; x_wconf 85' lang='lat' dir='ltr'><strong>de</strong></span> <span class='ocrx_word' id='word_1_110' title='bbox 1634 2220 1812 2281; x_wconf 85' lang='lat' dir='ltr'><strong>fonte</strong></span> <span class='ocrx_word' id='word_1_111' title='bbox 1838 2220 2132 2283; x_wconf 78' lang='lat' dir='ltr'><strong>sacerdos</strong></span> 
     </span>
     <span class='ocr_line' id='line_1_21' title="bbox 687 2296 1883 2383; baseline 0.008 -26"><span class='ocrx_word' id='word_1_112' title='bbox 687 2296 841 2359; x_wconf 84' lang='lat' dir='ltr'><strong>Itala</strong></span> <span class='ocrx_word' id='word_1_113' title='bbox 861 2319 977 2380; x_wconf 88' lang='lat' dir='ltr'><strong>per</strong></span> <span class='ocrx_word' id='word_1_114' title='bbox 1003 2301 1224 2362; x_wconf 83' lang='lat' dir='ltr'><strong>Graios</strong></span> <span class='ocrx_word' id='word_1_115' title='bbox 1247 2306 1421 2383; x_wconf 87' lang='lat' dir='ltr'><strong>orgia</strong></span> <span class='ocrx_word' id='word_1_116' title='bbox 1438 2305 1613 2365; x_wconf 88' lang='lat' dir='ltr'><strong>ferre</strong></span> <span class='ocrx_word' id='word_1_117' title='bbox 1639 2305 1883 2367; x_wconf 88' lang='lat' dir='ltr'><strong>choros.</strong></span> 
     </span>
     <span class='ocr_line' id='line_1_22' title="bbox 530 2382 2151 2467; baseline 0.005 -25"><span class='ocrx_word' id='word_1_118' title='bbox 530 2390 563 2441; x_wconf 83' lang='lat'>5</span> <span class='ocrx_word' id='word_1_119' title='bbox 603 2382 831 2461; x_wconf 78' lang='lat' dir='ltr'><strong>Dicite,</strong></span> <span class='ocrx_word' id='word_1_120' title='bbox 856 2404 976 2464; x_wconf 90' lang='lat' dir='ltr'><strong>quo</strong></span> <span class='ocrx_word' id='word_1_121' title='bbox 998 2386 1237 2466; x_wconf 85' lang='lat' dir='ltr'><strong>pariter</strong></span> <span class='ocrx_word' id='word_1_122' title='bbox 1261 2406 1513 2449; x_wconf 85' lang='lat' dir='ltr'><strong>carmen</strong></span> <span class='ocrx_word' id='word_1_123' title='bbox 1532 2388 1839 2449; x_wconf 81' lang='lat' dir='ltr'><strong>tenuastis</strong></span> <span class='ocrx_word' id='word_1_124' title='bbox 1860 2390 1929 2449; x_wconf 89' lang='lat' dir='ltr'><strong>in</strong></span> <span class='ocrx_word' id='word_1_125' title='bbox 1952 2396 2151 2467; x_wconf 85' lang='lat' dir='ltr'><strong>antro,</strong></span> 
     </span>
     <span class='ocr_line' id='line_1_23' title="bbox 689 2468 2241 2553; baseline 0.003 -25"><span class='ocrx_word' id='word_1_126' title='bbox 689 2469 901 2543; x_wconf 77' lang='lat' dir='ltr'><strong>Quove</strong></span> <span class='ocrx_word' id='word_1_127' title='bbox 923 2468 1088 2551; x_wconf 90' lang='lat' dir='ltr'><strong>pede</strong></span> <span class='ocrx_word' id='word_1_128' title='bbox 1107 2470 1400 2551; x_wconf 84' lang='lat' dir='ltr'><strong>ingressi,</strong></span> <span class='ocrx_word' id='word_1_129' title='bbox 1425 2491 1680 2553; x_wconf 85' lang='lat' dir='ltr'><strong>quamve</strong></span> <span class='ocrx_word' id='word_1_130' title='bbox 1702 2474 1951 2535; x_wconf 87' lang='lat' dir='ltr'><strong>bibistis</strong></span> <span class='ocrx_word' id='word_1_131' title='bbox 1974 2472 2241 2553; x_wconf 68' lang='lat' dir='ltr'><strong>aquam?</strong></span> 
     </span>
     <span class='ocr_line' id='line_1_24' title="bbox 603 2551 2319 2639; baseline 0.004 -27"><span class='ocrx_word' id='word_1_132' title='bbox 603 2552 704 2612; x_wconf 89' lang='lat' dir='ltr'><strong>Ah</strong></span> <span class='ocrx_word' id='word_1_133' title='bbox 721 2551 943 2633; x_wconf 82' lang='lat' dir='ltr'><strong>valeat,</strong></span> <span class='ocrx_word' id='word_1_134' title='bbox 968 2554 1289 2616; x_wconf 82' lang='lat' dir='ltr'><strong>Phoebum</strong></span> <span class='ocrx_word' id='word_1_135' title='bbox 1313 2559 1682 2639; x_wconf 83' lang='lat' dir='ltr'><strong>quicumque</strong></span> <span class='ocrx_word' id='word_1_136' title='bbox 1708 2564 1985 2619; x_wconf 85' lang='lat' dir='ltr'><strong>moratur</strong></span> <span class='ocrx_word' id='word_1_137' title='bbox 2007 2558 2073 2617; x_wconf 89' lang='lat' dir='ltr'><strong>in</strong></span> <span class='ocrx_word' id='word_1_138' title='bbox 2094 2558 2319 2619; x_wconf 80' lang='lat' dir='ltr'><strong>armis!</strong></span> 
     </span>
     <span class='ocr_line' id='line_1_25' title="bbox 683 2637 1793 2720; baseline 0.005 -23"><span class='ocrx_word' id='word_1_139' title='bbox 683 2637 951 2699; x_wconf 82' lang='lat' dir='ltr'><strong>Exactus</strong></span> <span class='ocrx_word' id='word_1_140' title='bbox 973 2640 1147 2700; x_wconf 88' lang='lat' dir='ltr'><strong>tenui</strong></span> <span class='ocrx_word' id='word_1_141' title='bbox 1167 2643 1413 2720; x_wconf 85' lang='lat' dir='ltr'><strong>pumice</strong></span> <span class='ocrx_word' id='word_1_142' title='bbox 1432 2661 1649 2703; x_wconf 85' lang='lat' dir='ltr'><strong>versus</strong></span> <span class='ocrx_word' id='word_1_143' title='bbox 1672 2649 1793 2720; x_wconf 85' lang='lat' dir='ltr'><strong>eat,</strong></span> 
     </span>
     <span class='ocr_line' id='line_1_26' title="bbox 607 2721 2048 2805; baseline 0.002 -24"><span class='ocrx_word' id='word_1_144' title='bbox 607 2721 741 2797; x_wconf 78' lang='lat' dir='ltr'><strong>Quo</strong></span> <span class='ocrx_word' id='word_1_145' title='bbox 765 2742 864 2783; x_wconf 84' lang='lat' dir='ltr'><strong>me</strong></span> <span class='ocrx_word' id='word_1_146' title='bbox 884 2722 1074 2783; x_wconf 81' lang='lat' dir='ltr'><strong>Fama</strong></span> <span class='ocrx_word' id='word_1_147' title='bbox 1096 2721 1264 2784; x_wconf 85' lang='lat' dir='ltr'><strong>levat</strong></span> <span class='ocrx_word' id='word_1_148' title='bbox 1286 2732 1459 2786; x_wconf 86' lang='lat' dir='ltr'><strong>terra</strong></span> <span class='ocrx_word' id='word_1_149' title='bbox 1480 2726 1780 2805; x_wconf 85' lang='lat' dir='ltr'><strong>sublimis,</strong></span> <span class='ocrx_word' id='word_1_150' title='bbox 1807 2732 1873 2785; x_wconf 87' lang='lat' dir='ltr'><strong>et</strong></span> <span class='ocrx_word' id='word_1_151' title='bbox 1895 2747 1929 2787; x_wconf 82' lang='lat' dir='ltr'><strong>a</strong></span> <span class='ocrx_word' id='word_1_152' title='bbox 1950 2742 2048 2786; x_wconf 91' lang='lat' dir='ltr'><strong>me</strong></span> 
     </span>
     <span class='ocr_line' id='line_1_27' title="bbox 499 2803 1967 2891; baseline 0.003 -26"><span class='ocrx_word' id='word_1_153' title='bbox 499 2813 569 2866; x_wconf 88' lang='lat'><strong>10</strong></span> <span class='ocrx_word' id='word_1_154' title='bbox 687 2803 846 2867; x_wconf 79' lang='lat' dir='ltr'><strong>Nata</strong></span> <span class='ocrx_word' id='word_1_155' title='bbox 869 2808 1178 2867; x_wconf 80' lang='lat' dir='ltr'><strong>coronatis</strong></span> <span class='ocrx_word' id='word_1_156' title='bbox 1201 2808 1385 2869; x_wconf 83' lang='lat' dir='ltr'><strong>Musa</strong></span> <span class='ocrx_word' id='word_1_157' title='bbox 1404 2812 1746 2891; x_wconf 81' lang='lat' dir='ltr'><strong>triumphat</strong></span> <span class='ocrx_word' id='word_1_158' title='bbox 1768 2811 1967 2889; x_wconf 71' lang='lat' dir='ltr'><strong>equis,</strong></span> 
     </span>
     <span class='ocr_line' id='line_1_28' title="bbox 475 2888 2104 2972; baseline 0.001 -23"><span class='ocrx_word' id='word_1_159' title='bbox 475 2897 478 2900; x_wconf 83' lang='lat'>&#39;</span> <span class='ocrx_word' id='word_1_160' title='bbox 603 2888 688 2949; x_wconf 83' lang='lat' dir='ltr'><strong>Et</strong></span> <span class='ocrx_word' id='word_1_161' title='bbox 711 2909 952 2953; x_wconf 88' lang='lat' dir='ltr'><strong>mecum</strong></span> <span class='ocrx_word' id='word_1_162' title='bbox 975 2892 1042 2951; x_wconf 87' lang='lat' dir='ltr'><strong>in</strong></span> <span class='ocrx_word' id='word_1_163' title='bbox 1065 2911 1252 2951; x_wconf 90' lang='lat' dir='ltr'><strong>curru</strong></span> <span class='ocrx_word' id='word_1_164' title='bbox 1275 2893 1451 2972; x_wconf 80' lang='lat' dir='ltr'><strong>parvi</strong></span> <span class='ocrx_word' id='word_1_165' title='bbox 1472 2899 1796 2953; x_wconf 78' lang='lat' dir='ltr'><strong>vectantur</strong></span> <span class='ocrx_word' id='word_1_166' title='bbox 1818 2893 2104 2970; x_wconf 84' lang='lat' dir='ltr'><strong>Amores,</strong></span> 
     </span>
     <span class='ocr_line' id='line_1_29' title="bbox 693 2972 2044 3055; baseline 0.003 -24"><span class='ocrx_word' id='word_1_167' title='bbox 693 2972 1204 3055; x_wconf 77' lang='lat' dir='ltr'><strong>scriptorumque</strong></span> <span class='ocrx_word' id='word_1_168' title='bbox 1225 2995 1394 3037; x_wconf 85' lang='lat' dir='ltr'><strong>meas</strong></span> <span class='ocrx_word' id='word_1_169' title='bbox 1416 2978 1600 3038; x_wconf 84' lang='lat' dir='ltr'><strong>turba</strong></span> <span class='ocrx_word' id='word_1_170' title='bbox 1622 2980 1835 3037; x_wconf 84' lang='lat' dir='ltr'><strong>secuta</strong></span> <span class='ocrx_word' id='word_1_171' title='bbox 1854 2979 2044 3035; x_wconf 72' lang='lat' dir='ltr'><strong>rotaS.</strong></span> 
     </span>
     <span class='ocr_line' id='line_1_30' title="bbox 607 3054 2066 3129; baseline 0.001 -15"><span class='ocrx_word' id='word_1_172' title='bbox 607 3054 770 3129; x_wconf 78' lang='lat' dir='ltr'><strong>Quid</strong></span> <span class='ocrx_word' id='word_1_173' title='bbox 796 3056 1030 3117; x_wconf 85' lang='lat' dir='ltr'><strong>frustra</strong></span> <span class='ocrx_word' id='word_1_174' title='bbox 1050 3061 1254 3119; x_wconf 86' lang='lat' dir='ltr'><strong>missis</strong></span> <span class='ocrx_word' id='word_1_175' title='bbox 1273 3062 1341 3120; x_wconf 87' lang='lat' dir='ltr'><strong>in</strong></span> <span class='ocrx_word' id='word_1_176' title='bbox 1362 3078 1460 3120; x_wconf 91' lang='lat' dir='ltr'><strong>me</strong></span> <span class='ocrx_word' id='word_1_177' title='bbox 1485 3063 1737 3120; x_wconf 87' lang='lat' dir='ltr'><strong>certatis</strong></span> <span class='ocrx_word' id='word_1_178' title='bbox 1760 3057 2020 3118; x_wconf 87' lang='lat' dir='ltr'><strong>habenis</strong></span> <span class='ocrx_word' id='word_1_179' title='bbox 2034 3056 2066 3116; x_wconf 76' lang='lat'><strong>⁴3</strong></span> 
     </span>
     <span class='ocr_line' id='line_1_31' title="bbox 682 3136 1933 3204; baseline 0.006 -8"><span class='ocrx_word' id='word_1_180' title='bbox 682 3136 741 3197; x_wconf 94' lang='lat' dir='ltr'>N</span> <span class='ocrx_word' id='word_1_181' title='bbox 743 3158 822 3198; x_wconf 86' lang='lat' dir='ltr'><strong>on</strong></span> <span class='ocrx_word' id='word_1_182' title='bbox 846 3139 1027 3200; x_wconf 87' lang='lat' dir='ltr'><strong>datur</strong></span> <span class='ocrx_word' id='word_1_183' title='bbox 1050 3141 1128 3201; x_wconf 85' lang='lat' dir='ltr'><strong>ad</strong></span> <span class='ocrx_word' id='word_1_184' title='bbox 1151 3142 1363 3203; x_wconf 87' lang='lat' dir='ltr'><strong>Musas</strong></span> <span class='ocrx_word' id='word_1_185' title='bbox 1388 3160 1644 3204; x_wconf 84' lang='lat' dir='ltr'><strong>currere</strong></span> <span class='ocrx_word' id='word_1_186' title='bbox 1665 3142 1793 3204; x_wconf 87' lang='lat' dir='ltr'><strong>lata</strong></span> <span class='ocrx_word' id='word_1_187' title='bbox 1816 3142 1933 3203; x_wconf 83' lang='lat' dir='ltr'><strong>via.</strong></span> 
     </span>
     <span class='ocr_line' id='line_1_32' title="bbox 451 3220 2067 3305; baseline 0.004 -25"><span class='ocrx_word' id='word_1_188' title='bbox 451 3270 464 3279; x_wconf 87' lang='lat'><strong>.</strong></span> <span class='ocrx_word' id='word_1_189' title='bbox 497 3228 564 3282; x_wconf 81' lang='lat'><strong>15</strong></span> <span class='ocrx_word' id='word_1_190' title='bbox 603 3220 814 3301; x_wconf 87' lang='lat' dir='ltr'><strong>Multi,</strong></span> <span class='ocrx_word' id='word_1_191' title='bbox 835 3222 1049 3302; x_wconf 83' lang='lat' dir='ltr'><strong>Roma,</strong></span> <span class='ocrx_word' id='word_1_192' title='bbox 1072 3230 1215 3283; x_wconf 82' lang='lat' dir='ltr'><strong>tuas</strong></span> <span class='ocrx_word' id='word_1_193' title='bbox 1229 3223 1449 3286; x_wconf 81' lang='lat' dir='ltr'><strong>laudes</strong></span> <span class='ocrx_word' id='word_1_194' title='bbox 1472 3226 1789 3287; x_wconf 78' lang='lat' dir='ltr'><strong>annalibus</strong></span> <span class='ocrx_word' id='word_1_195' title='bbox 1814 3224 2067 3305; x_wconf 82' lang='lat' dir='ltr'><strong>addent,</strong></span> 
     </span>
     <span class='ocr_line' id='line_1_33' title="bbox 683 3307 2017 3387; baseline 0.003 -22"><span class='ocrx_word' id='word_1_196' title='bbox 683 3307 804 3381; x_wconf 77' lang='lat' dir='ltr'><strong>Qui</strong></span> <span class='ocrx_word' id='word_1_197' title='bbox 821 3308 1010 3367; x_wconf 83' lang='lat' dir='ltr'><strong>finem</strong></span> <span class='ocrx_word' id='word_1_198' title='bbox 1029 3309 1276 3387; x_wconf 87' lang='lat' dir='ltr'><strong>imperii</strong></span> <span class='ocrx_word' id='word_1_199' title='bbox 1300 3310 1523 3369; x_wconf 83' lang='lat' dir='ltr'><strong>Bactra</strong></span> <span class='ocrx_word' id='word_1_200' title='bbox 1543 3311 1753 3371; x_wconf 82' lang='lat' dir='ltr'><strong>futura</strong></span> <span class='ocrx_word' id='word_1_201' title='bbox 1776 3316 2017 3370; x_wconf 85' lang='lat' dir='ltr'><strong>canent.</strong></span> 
     </span>
     <span class='ocr_line' id='line_1_34' title="bbox 603 3386 2299 3473; baseline 0.004 -26"><span class='ocrx_word' id='word_1_202' title='bbox 603 3386 751 3468; x_wconf 85' lang='lat' dir='ltr'><strong>Sed,</strong></span> <span class='ocrx_word' id='word_1_203' title='bbox 777 3389 943 3468; x_wconf 88' lang='lat' dir='ltr'><strong>quod</strong></span> <span class='ocrx_word' id='word_1_204' title='bbox 962 3410 1114 3471; x_wconf 83' lang='lat' dir='ltr'><strong>pace</strong></span> <span class='ocrx_word' id='word_1_205' title='bbox 1132 3388 1329 3470; x_wconf 82' lang='lat' dir='ltr'><strong>legas,</strong></span> <span class='ocrx_word' id='word_1_206' title='bbox 1352 3412 1506 3473; x_wconf 85' lang='lat' dir='ltr'><strong>opus</strong></span> <span class='ocrx_word' id='word_1_207' title='bbox 1528 3394 1649 3455; x_wconf 89' lang='lat' dir='ltr'><strong>hoc</strong></span> <span class='ocrx_word' id='word_1_208' title='bbox 1674 3392 1752 3455; x_wconf 90' lang='lat' dir='ltr'><strong>de</strong></span> <span class='ocrx_word' id='word_1_209' title='bbox 1774 3400 1984 3455; x_wconf 89' lang='lat' dir='ltr'><strong>monte</strong></span> <span class='ocrx_word' id='word_1_210' title='bbox 2008 3410 2299 3453; x_wconf 87' lang='lat' dir='ltr'><strong>sororum</strong></span> 
     </span>
    </p>
   </div>
   <div class='ocr_carea' id='block_1_6' title="bbox 2572 602 2574 1295">
    <p class='ocr_par' dir='ltr' id='par_1_6' title="bbox 2572 602 2574 1295">
     <span class='ocr_line' id='line_1_35' title="bbox 2572 602 2574 1295; baseline 0 0"><span class='ocrx_word' id='word_1_211' title='bbox 2572 602 2574 1295; x_wconf 95' lang='lat' dir='ltr'><strong> </strong></span> 
     </span>
    </p>
   </div>
   <div class='ocr_carea' id='block_1_7' title="bbox 2572 2374 2574 3069">
    <p class='ocr_par' dir='ltr' id='par_1_7' title="bbox 2572 2374 2574 3069">
     <span class='ocr_line' id='line_1_36' title="bbox 2572 2374 2574 3069; baseline 0 0"><span class='ocrx_word' id='word_1_212' title='bbox 2572 2374 2574 3069; x_wconf 95' lang='lat' dir='ltr'><strong> </strong></span> 
     </span>
    </p>
   </div>
  </div>
 </body>
</html>
