2592 3867
444 185 567 252 106
1036 181 1764 247 PROPERTII

498 364 569 419 30
689 352 1016 433 Multaque
1037 358 1355 413 cantantes
1378 353 1595 412 umbra
1613 354 1869 431 tegebat
1888 374 2047 417 aves.

606 440 746 499 Huc
767 438 896 499 ruit
913 438 981 497 in
1003 438 1227 498 siccum
1249 442 1543 516 congesto
1564 435 1822 516 pulvere
1843 439 2097 501 barbam

687 524 772 583 Et
791 523 940 583 iacit
961 527 1105 581 ante
1125 521 1298 581 fores
1320 522 1510 581 verba
1529 521 1769 581 minora
1792 519 1942 582 deo:

605 607 758 669 ‘Vos
779 624 1028 687 precor,
1053 625 1088 665 o
1108 601 1236 665 luci
1257 624 1435 664 sacro
1459 623 1615 683 quae
1636 601 1855 667 luditis
1878 613 2079 687 antro,

685 689 950 751 Pandite
971 688 1238 749 defesssi
1260 689 1508 769 hospita
1534 688 1679 748 fana
1698 690 1865 751 viris.

491 780 560 837 35
600 774 822 837 Fontis
843 790 1034 853 egens
1057 792 1202 832 erro
1227 772 1517 851 circaque
1539 774 1819 834 sonantia
1838 772 2131 855 lymphis,

682 859 766 919 Et
789 876 934 919 cava
955 862 1243 937 suscepto
1266 857 1521 917 flumine
1544 854 1747 937 palma
1768 862 1865 917 sat
1881 865 1998 918 cst.

596 941 960 1003 Audistisne
982 938 1273 1021 aliquem,
1300 947 1479 1019 tergo
1503 941 1608 1019 qui
1629 938 1883 1001 sustulit
1903 942 2165 1004 orbem?

676 1024 796 1087 nle
819 1044 936 1105 ego
959 1045 1120 1086 sum:
1163 1023 1431 1085 Alciden
1452 1029 1625 1083 terra
1646 1031 1906 1106 recepta
1922 1032 2116 1086 vocat.

596 1111 746 1187 Quis
775 1111 938 1169 facta
958 1108 1310 1171 Herculeae
1332 1127 1459 1169 non
1482 1106 1654 1168 audit
1674 1108 1867 1169 fortia
1890 1108 2095 1171 clavae

482 1200 556 1256 40
675 1194 761 1255 Et
781 1212 1110 1273 numquam
1133 1192 1210 1253 ad
1230 1198 1404 1253 natas
1424 1192 1605 1252 irrita
1624 1191 1755 1252 tela
1777 1193 1966 1271 feras,

593 1279 801 1357 Atque
823 1279 930 1337 uni
955 1276 1200 1357 Stygias
1222 1277 1458 1337 homini
1477 1273 1711 1337 luxisse
1731 1279 2026 1339 tenebras
2042 1278 2073 1338 ‘3

683 1361 1024 1439 [Accipitez
1069 1360 1224 1419 haec
1244 1359 1414 1419 fesso
1436 1361 1536 1420 vix
1557 1362 1710 1421 mihi
1730 1367 1903 1421 terra
1922 1361 2143 1441 patet]

594 1443 778 1529 Quid,
801 1444 857 1503 si
880 1444 1097 1503 Iunoni
1119 1462 1361 1503 sacrum
1380 1443 1676 1505 faceretis
1700 1464 1937 1505 amarae
1950 1445 1983 1503 ’ἒ

672 1527 732 1587 N
733 1546 813 1587 on
837 1522 1160 1587 clausisset
1182 1546 1369 1607 aquas
1390 1528 1525 1609 ipsa
1545 1547 1811 1589 noverca
1832 1547 1987 1589 suas.

481 1620 551 1675 45
598 1610 708 1672 Sin
731 1608 998 1690 aliquam
1020 1609 1347 1691 vultusque
1370 1631 1543 1672 mcus
1564 1619 1897 1693 saetaeque
1918 1611 2118 1673 lconis

672 1696 952 1757 Tei-rent
973 1701 1040 1755 et
1062 1694 1296 1775 Libyco
1322 1693 1457 1757 sole
1480 1703 1950 1776 perusta-coma,

588 1778 762 1841 Idem
781 1798 898 1859 ego
921 1778 1176 1840 Sidonia
1197 1781 1325 1840 feci
1347 1778 1597 1841 servilia
1617 1778 1782 1861 palla

672 1864 895 1925 Officia
917 1870 984 1924 et
1004 1862 1179 1943 Lydo
1203 1882 1397 1945 pensa
1419 1864 1637 1925 diurna
1660 1864 1819 1945 colo,

586 1946 806 2010 Mollis
829 1955 896 2010 et
915 1949 1222 2009 hirsutum
1246 1950 1415 2029 cepit
1434 1949 1588 2009 mihi
1607 1948 1799 2009 fascia
1819 1956 2061 2030 pectus,

478 2041 550 2095 50
674 2033 759 2093 Et
776 2033 1056 2093 manibus
1081 2031 1253 2094 duris
1275 2039 1417 2114 apta
1436 2030 1647 2113 puella
1666 2033 1803 2094 fui?

587 2114 846 2176 Talibus
867 2113 1146 2197 Alcides,
1171 2123 1234 2177 st
1255 2116 1480 2177 talibus
1504 2114 1663 2177 alma
1687 2116 1999 2194 sacerdos,

664 2199 938 2261 Puniceo
964 2219 1144 2260 canas
1165 2203 1425 2260 stamine
1446 2202 1651 2261 vincta
1673 2220 1906 2261 comas:

583 2283 802 2344 ‘Parce
825 2282 1038 2361 oculis,
1063 2284 1312 2361 hospes,
1333 2283 1599 2362 lucoque
1622 2284 1887 2345 abscede
1912 2281 2220 2345 verendo=

673 2365 846 2429 Cede
869 2365 1133 2445 agedum,
1151 2372 1218 2425 et
1237 2371 1372 2426 tuta
1390 2366 1603 2426 limina
1622 2363 1839 2446 linque
1860 2368 2023 2445 fuga.

475 2460 546 2513 65
589 2452 930 2526 interdicta
949 2451 1099 2510 viris
1121 2448 1453 2511 metuenda
1470 2448 1613 2530 lege
1635 2451 1861 2530 piatur,

668 2537 838 2613 Quae
869 2555 936 2599 se
964 2536 1243 2595 submota
1263 2533 1536 2595 vindicat
1557 2554 1663 2595 ara
1686 2554 1839 2597 casa.

583 2619 812 2698 Magno
839 2620 1119 2680 Tiresias
1141 2620 1383 2699 aspexit
1402 2617 1657 2679 Pallada
1676 2626 1867 2699 vates,

664 2704 880 2764 Fortia
902 2702 1047 2763 dum
1066 2704 1270 2782 posita
1291 2704 1585 2782 Gorgone
1607 2705 1882 2765 membra
1900 2702 2079 2764 lavat.

581 2787 661 2847 Di
682 2788 800 2847 tibi
821 2786 975 2848 dent
995 2784 1152 2847 alios
1173 2787 1415 2847 fontes:
1454 2789 1609 2848 haec
1630 2786 1881 2869 lympha
1899 2784 2125 2868 puellis

470 2877 540 2934 60
661 2872 814 2932 Avia
836 2872 1068 2932 secreti
1089 2867 1305 2931 limitis
1326 2890 1447 2931 una
1467 2872 1648 2932 fluit?
1678 2874 1681 2879 ’

580 2954 684 3015 Sic
707 2974 887 3015 anus:
926 2953 1038 3016 ille
1061 2955 1336 3015 humeris
1356 2961 1571 3034 postes
1596 2954 1905 3016 concussit
1926 2970 2169 3033 opacos,
2287 2994 2299 2997 -

658 3037 792 3097 Nec
811 3037 960 3099 tulit
979 3041 1200 3100 iratam
1219 3040 1401 3099 ianua
1421 3037 1625 3099 clausa
1646 3038 1830 3099 sitim.

579 3123 664 3183 At
684 3126 1012 3200 postquam
1034 3124 1331 3184 exhausto
1352 3124 1472 3182 iam
1493 3122 1743 3183 flumine
1767 3120 2003 3181 vicerat
2024 3126 2283 3199 aestum,

658 3204 847 3265 Ponit
866 3206 966 3265 vix
987 3207 1168 3265 siccis
1189 3208 1395 3267 tristia
1415 3206 1551 3266 iura
1571 3204 1781 3265 labris.

467 3297 536 3351 65
581 3286 884 3369 ‘Angulus
907 3289 1011 3350 hic
1034 3288 1244 3348 mundi
1265 3308 1427 3349 nunc
1448 3306 1547 3350 me
1568 3306 1706 3349 mea
1727 3288 1855 3348 fata
1876 3287 2230 3347 trahentem

659 3374 937 3453 Accipit:
983 3375 1138 3432 haec
1160 3374 1328 3433 fesso
1350 3374 1449 3432 vix
1471 3372 1623 3431 mihi
1644 3378 1817 3444 terra
1837 3377 2029 3452 patet.

575 3456 844 3515 Maxima
867 3474 1022 3535 quae
1052 3457 1343 3534 gregibus
1372 3454 1592 3517 devota
1615 3452 1716 3517 ¹cst
1738 3476 1843 3518 ara
1863 3454 2156 3536 repertis,
