2592 3867
483 188 570 255 82
1079 184 1804 249 PROPERTII

652 358 820 419 Ante
839 354 995 417 ferit
1017 354 1325 434 quoniam,
1344 354 1469 415 tuti
1488 373 1667 434 quam
1688 353 1997 415 cernimus
2019 356 2293 433 hostem,

735 438 866 501 Nec
887 440 1209 519 quisquam
1231 456 1309 498 ex
1326 436 1439 499 illo
1460 436 1721 499 vulnere
1742 456 1923 498 sanus
1944 440 2091 501 abit.

650 525 720 586 In
744 544 844 586 me
865 523 994 585 tela
1011 528 1282 600 manent,
1305 528 1515 583 manet
1534 530 1603 583 et
1619 520 1879 604 puerilis
1898 523 2131 602 imago:

736 608 866 671 Sed
885 614 1060 669 certe
1079 624 1319 687 pennas
1338 605 1620 687 perdidit
1639 605 1751 669 ille
1774 624 1950 682 suas13

549 701 615 757 15
657 692 878 755 Evolat
897 693 1022 753 heu
1042 697 1258 751 nostro
1285 691 1571 769 quoniam
1595 690 1675 751 de
1691 696 1952 771 pectore
1974 710 2278 773 nusquam

735 776 1164 854 Assiduusque
1185 792 1327 835 meo
1348 777 1645 853 sanguine
1671 772 1837 835 bella
1856 776 2037 853 gerit.

652 859 819 937 Quid
837 860 954 921 tibi
974 856 1311 921 iocundum
1333 860 1515 920 siccis
1536 861 1819 922 habitare
1839 858 2125 920 medullis
2138 862 2172 920 ‘3

734 945 804 1005 Si
823 944 1025 1026 pudor
1049 949 1168 1024 est,
1191 944 1311 1005 alio
1335 946 1531 1005 traice
1554 943 1685 1006 tela
1705 951 1825 1005 tua.

652 1028 925 1091 Intactos
945 1032 1069 1091 isto
1091 1030 1284 1089 satius
1308 1036 1617 1110 temptare
1639 1046 1912 1089 venenoz

544 1124 616 1177 20
735 1114 793 1175 N
795 1134 876 1175 on
899 1132 1036 1193 ego,
1060 1113 1175 1175 sed
1195 1115 1403 1174 tenuis
1424 1112 1669 1193 vapulat
1688 1113 1907 1172 umbra
1926 1131 2077 1173 mea.

653 1199 848 1275 Quam
873 1200 928 1259 si
948 1197 1327 1277 perdideris,
1352 1198 1489 1273 quis
1510 1198 1635 1256 erit
1656 1197 1761 1274 qui
1782 1194 1930 1257 talia
1952 1201 2161 1256 cantet

739 1272 956 1365 (Haec
977 1298 1115 1339 mea
1133 1278 1317 1337 Musa
1336 1278 1493 1338 levis
1516 1276 1716 1355 gloria
1735 1298 1953 1358 magna
1972 1287 2080 1341 tua
2100 1274 2265 1366 est),

655 1365 774 1441 Qui
797 1369 981 1442 caput
1001 1367 1068 1421 et
1089 1360 1319 1439 digitos
1342 1368 1408 1420 et
1427 1360 1661 1421 lumina
1680 1362 1857 1439 nigra
1875 1363 2124 1441 puellae

730 1448 816 1508 Et
838 1452 1015 1506 canat
1034 1450 1104 1505 ut
1126 1443 1373 1505 soleant
1391 1443 1664 1505 molliter
1685 1445 1781 1503 ire
1801 1443 2016 1525 pedes.

563 1578 618 1672 4
648 1575 796 1675 Νοιι
817 1621 914 1676 tot
935 1613 1370 1675 Achaemeniis
1402 1620 1713 1675 armantur
1739 1614 1894 1675 Susa
1914 1615 2177 1695 sagittis,
2292 1580 2403 1673 13

736 1698 984 1781 Spicula
1005 1707 1156 1780 quot
1184 1706 1401 1761 nostro
1424 1706 1683 1781 pectore
1706 1700 1841 1759 fixit
1862 1698 2071 1759 Amor.

651 1785 775 1845 Hic
796 1804 894 1845 me
917 1791 1043 1845 tam
1065 1784 1333 1864 graciles
1355 1786 1553 1846 vetuit
1574 1791 1976 1845 contemnere
1998 1783 2230 1861 Musas,

733 1868 918 1931 Iussit
941 1876 1007 1930 et
1028 1872 1365 1932 Ascraeum
1389 1872 1479 1931 sic
1500 1870 1782 1930 habitare
1803 1888 2041 1946 nemus,

575 1962 611 2015 5
649 1952 792 2015 Non
811 1960 882 2015 ut
903 1955 1149 2013 Pieriae
1174 1973 1440 2032 quercus
1462 1972 1600 2012 mea
1618 1955 1809 2012 verba
1829 1958 2185 2032 sequantur,

734 2039 860 2096 Aut
877 2037 1110 2115 possim
1129 2036 1380 2095 Ismaria
1403 2035 1633 2095 ducere
1652 2035 1811 2095 valle
1832 2038 2022 2112 feras,

653 2118 780 2180 Sed
802 2119 992 2196 magis
1013 2123 1084 2177 ut
1101 2124 1319 2179 nostro
1344 2118 1633 2197 stupefiat
1656 2118 1923 2195 Cynthia
1942 2135 2158 2178 versu:

732 2203 912 2261 Tunc
933 2220 1049 2279 ego
1073 2202 1190 2261 sim
1208 2202 1457 2261 Inachio
1480 2202 1689 2261 notior
1710 2207 1847 2261 arte
1870 2201 2045 2262 Lino.

649 2285 790 2346 Non
812 2303 928 2364 ego
955 2304 1090 2345 sum
1109 2283 1349 2345 formae
1370 2291 1607 2346 tantum
1630 2286 1888 2346 mirator
1910 2287 2228 2366 honestae,

543 2380 613 2433 10
731 2368 864 2429 Nec
887 2369 939 2427 si
963 2388 1083 2447 qua
1107 2366 1393 2429 illustres
1414 2369 1645 2429 femina
1664 2370 1853 2429 iactat
1874 2387 2048 2429 avos:

649 2453 760 2516 Me
785 2454 956 2513 iuvet
976 2454 1043 2512 in
1065 2455 1302 2532 gremio
1326 2452 1545 2514 doctae
1566 2452 1798 2532 legisse
1818 2451 2086 2534 puellae,

731 2539 1001 2598 Auribus
1023 2544 1092 2597 et
1108 2540 1282 2619 puris
1304 2540 1536 2619 scripta
1552 2540 1850 2619 probasse
1870 2557 2023 2599 mea.

647 2623 823 2684 Haec
844 2624 950 2683 ubi
974 2624 1374 2702 contigerint,
1394 2623 1610 2704 populi
1632 2624 1887 2685 confusa
1906 2623 2107 2684 valeto

728 2706 993 2769 Fabula:
1037 2727 1180 2768 nam
1203 2707 1449 2769 domina
1467 2708 1674 2770 iudice
1694 2714 1865 2769 tutus
1888 2726 2016 2769 ero.

453 2808 461 2812 ·
544 2802 610 2856 15
654 2793 824 2870 Quae
846 2794 900 2853 si
919 2793 1088 2853 forte
1109 2793 1304 2853 bonas
1326 2791 1405 2852 ad
1423 2811 1641 2873 pacem
1661 2794 1927 2853 verterit
1946 2810 2147 2869 aures,

731 2878 990 2938 Possum
1008 2876 1363 2938 inimicitias
1385 2883 1535 2937 tunc
1560 2896 1675 2956 ego
1696 2877 1870 2937 ferre
1891 2876 2068 2935 Iovis.

565 3010 615 3103 5
655 3008 1182 3126 Quandocumque
1203 3046 1397 3125 igitur
1414 3052 1663 3107 nostros
1684 3064 1851 3107 mors
1868 3042 2117 3106 claudet
2134 3044 2385 3127 ocellos,

730 3129 962 3208 Accipe
987 3149 1142 3208 quae
1165 3149 1380 3192 serves
1398 3131 1638 3191 funeris
1661 3136 1796 3189 acta
1815 3131 1956 3190 mei.

645 3211 778 3272 Nec
799 3228 936 3272 mea
957 3218 1104 3273 tunc
1125 3212 1311 3291 longa
1331 3218 1633 3295 spatietur
1654 3214 1921 3291 imagine
1942 3230 2187 3295 pompa,

726 3297 858 3357 Nec
883 3298 1031 3357 tuba
1053 3298 1136 3356 sit
1157 3297 1271 3357 fati
1291 3318 1447 3359 vana
1468 3296 1749 3378 querella
1770 3298 1914 3377 mei,
2314 3308 2381 3360 20

574 3389 606 3442 5
648 3380 779 3442 Nec
801 3382 952 3441 mihi
972 3388 1122 3441 tunc
1143 3380 1349 3442 fulcro
1374 3389 1689 3443 sternatur
1708 3380 1914 3443 lectus
1937 3384 2197 3457 eburno,

679 3475 684 3482 ·
730 3462 862 3525 Nec
885 3466 1052 3525 sitin
1073 3462 1342 3525 Attalico
1364 3484 1530 3527 mors
1552 3484 1689 3525 mea
1706 3468 1849 3527 nixa
1868 3472 2027 3529 toro.
