2592 3867
453 175 539 243 64
1049 158 1771 231 ΡΚθΡΕΡιΤῙῙ

625 338 1016 419 Humidaque
1035 338 1319 417 inpressa
1340 334 1607 393 siccabat
1624 328 1860 389 lumina
1877 326 2041 407 lana,

704 420 976 485 Rettulit
991 426 1058 481 et
1081 417 1343 499 querulo
1366 417 1563 495 iurgia
1584 419 1799 474 nostra
1821 430 1975 473 sono
1988 414 2021 472 ’.ἱ

629 511 826 569 ‘Haec
846 514 912 567 te
931 510 1096 566 teste
1109 504 1261 563 mihi
1272 502 1574 582 promissa
1587 504 1704 576 est,
1725 496 2062 577 Lygdum,
2085 514 2336 562 mercen
2350 500 2390 561 2²

521 604 591 656 20
714 594 830 653 Est
855 606 1093 671 poenae
1117 602 1294 647 servo
1319 600 1609 664 rumpere
1629 587 1797 642 teste
1816 580 2025 643 fidem.
2104 584 2108 589 ’

630 675 746 736 llle
764 680 974 755 potest
993 670 1170 731 nullo
1190 672 1477 730 miseram
1497 686 1595 727 me
1615 664 1907 745 linquere
1924 667 2113 744 facto,

707 756 1048 837 Aequalem
1069 754 1242 816 nulla
1263 752 1477 813 dicere
1498 752 1732 811 habere
1758 750 1956 811 domo.

630 842 878 905 Gaudet
901 858 1000 900 me
1019 856 1210 899 vacuo
1231 836 1427 897 solam
1445 837 1771 896 tabescere
1790 832 1976 894 lecto.

713 926 780 985 Si
799 923 1026 1005 placet,
1051 922 1331 1000 insultet,
1350 920 1683 999 Lygdame‚
1706 923 1909 977 morte
1932 932 2084 979 mea.

523 1018 592 1071 25
633 1010 772 1070 Non
793 1028 892 1069 me
912 1008 1186 1069 moribus
1205 1004 1334 1083 illa,
1358 1004 1470 1064 sed
1490 1004 1705 1063 herbis
1726 1003 2005 1082 improba
2024 1002 2202 1062 vicit:

715 1093 1025 1153 Staminea
1045 1091 1290 1151 rhombi
1314 1087 1558 1148 ducitur
1578 1084 1697 1148 ille
1710 1092 1866 1147 rota.

634 1174 813 1238 Illum
832 1176 1142 1255 turgentis
1164 1191 1351 1234 ranae
1372 1176 1665 1252 portenta
1684 1171 1945 1230 rubetae

715 1262 800 1321 Et
819 1258 988 1319 lecta
1009 1258 1242 1317 exectis
1265 1257 1559 1334 anguibus
1584 1272 1722 1314 ossa
1738 1255 2010 1315 trahunt.

634 1344 718 1403 Et
739 1344 949 1419 strigis
971 1344 1256 1400 inventae
1279 1358 1397 1419 per
1419 1341 1599 1399 busta
1619 1338 1883 1399 iacentia
1904 1336 2169 1417 plumae,

528 1436 599 1491 30
723 1426 1064 1503 Cinctaque
1085 1424 1334 1483 funesto
1356 1422 1536 1483 lanea
1555 1422 1709 1482 vitta
1726 1426 1886 1481 toro.

637 1510 849 1571 Sinon
867 1527 1020 1568 vana
1041 1512 1268 1569 canunt
1288 1526 1425 1567 mea
1446 1508 1700 1584 somnia,
1721 1503 2053 1585 Lygdame,
2073 1508 2301 1583 tentor,

717 1593 928 1653 Poena
949 1593 1074 1652 erit
1095 1598 1236 1652 ante
1255 1602 1430 1651 'meos
1452 1610 1611 1669 sera,
1634 1588 1747 1649 sed
1768 1589 1985 1670 ampla,
2004 1587 2221 1669 pedes,

636 1678 848 1739 Putris
872 1678 1024 1736 etin
1044 1695 1232 1736 vacuo
1255 1682 1504 1737 texetur
1526 1692 1748 1734 aranea
1766 1673 1931 1735 lecto
1948 1676 1963 1733 ὲ

717 1760 1016 1821 Noctibus
1037 1758 1284 1821 illorum
1314 1760 1580 1820 dormiet
1598 1759 1735 1838 ipsa
1752 1758 2012 1820 Venus?

528 1854 597 1909 35
641 1846 812 1922 Quae
839 1846 958 1906 tibi
979 1846 1034 1905 si
1054 1846 1220 1905 veris
1243 1845 1459 1904 animis
1483 1847 1579 1902 est
1605 1848 1823 1920 questa
1842 1838 2071 1922 puella,

717 1931 852 1989 Hac
874 1928 1093 1988 eadem
1112 1947 1347 2003 rursus,
1368 1925 1701 2004 Lygdame‚
1726 1942 1909 1984 curre
1930 1926 2029 1984 via

635 2014 720 2073 Et
746 2030 884 2070 mea
905 2030 1041 2069 cum
1062 2007 1272 2067 multis
1293 2008 1565 2066 lacrimis
1586 2005 1872 2065 mandata
1892 2012 2171 2084 reporta,

719 2094 895 2168 Iram,
919 2110 1044 2149 non
1063 2088 1316 2149 fraudes
1340 2108 1477 2149 esse
1498 2091 1564 2148 in
1586 2106 1793 2146 amore
1814 2106 1971 2150 meo.

637 2178 748 2239 Me
773 2192 1016 2255 quoque
1040 2172 1347 2234 consimili
1369 2171 1702 2252 inpositum
1719 2166 2079 2250 torquerier
2098 2172 2232 2251 igni

532 2270 601 2321 40
720 2259 937 2318 Iurabo
962 2262 1030 2315 et
1044 2258 1142 2316 bin
1165 2274 1272 2316 sex
1293 2258 1539 2334 integer
1563 2273 1702 2315 esse
1726 2253 1879 2319 dies.

639 2339 819 2418 Quod
839 2340 990 2399 mihi
1013 2342 1066 2399 si
1087 2345 1258 2400 tanto
1281 2340 1433 2401 felix
1455 2337 1786 2400 concordia
1804 2337 1977 2401 bello

720 2424 1040 2503 Extiterit,
1066 2441 1184 2504 per
1204 2442 1324 2503 me,
1346 2423 1681 2505 Lygdame,
1701 2421 1867 2484 liber
1886 2426 2031 2488 eris.

551 2558 604 2651 6
634 2555 808 2673 Ergo
833 2590 1140 2654 sollicitae
1159 2598 1230 2651 tu
1253 2610 1452 2671 causa,
1480 2596 1763 2672 pecunia,
1784 2594 1945 2653 vitae
1970 2608 2068 2668 es:
2103 2614 2131 2636 ·
2328 2553 2385 2645 7

718 2677 844 2737 Per
865 2684 930 2737 te
952 2678 1322 2738 inmaturum
1342 2678 1559 2737 mortis
1584 2676 1817 2739 adimus
1836 2679 1979 2737 iter.

642 2762 742 2821 Tu
761 2763 928 2821 vitiis
947 2762 1261 2821 hominum
1282 2760 1560 2820 crudelia
1576 2760 1801 2841 pabula
1820 2761 2116 2841 praebes:

723 2845 972 2905 Semina
993 2864 1276 2906 curarum
1300 2842 1379 2905 de
1403 2846 1606 2924 capite
1628 2851 1765 2905 orta
1784 2851 1911 2904 tuo.

565 2937 598 2989 5
643 2928 744 2987 Tu
764 2930 1023 2989 Paetum
1045 2928 1122 2988 ad
1141 2928 1403 2989 Pharios
1427 2926 1788 2987 tendentem
1808 2927 2005 2984 lintea
2028 2930 2249 3004 portus

721 3013 952 3071 Obruis
969 3015 1186 3073 insano
1205 3018 1429 3091 terque
1453 3018 1793 3090 quaterque
1815 3009 1985 3068 mari.

637 3092 792 3153 Nam
817 3092 960 3152 dum
983 3102 1050 3154 te
1071 3098 1375 3173 sequitur,
1398 3098 1597 3175 primo
1610 3096 1805 3155 miser
1830 3090 2063 3153 excidit
2084 3110 2232 3153 aevo

719 3178 804 3237 Et
823 3195 979 3235 nova
998 3169 1353 3256 longinquis
1374 3180 1647 3258 piscibus
1669 3197 1809 3238 esca
1830 3182 2021 3256 natat,

607 3268 620 3307 ²¹
637 3260 722 3323 Et
741 3266 939 3319 mater
961 3278 1084 3320 non
1105 3261 1266 3319 iusta
1285 3262 1426 3341 piae
1450 3261 1598 3323 dare
1622 3260 1831 3323 debita
1852 3269 2063 3323 terrae

534 3354 605 3405 10
724 3344 856 3404 Nec
875 3349 1026 3422 pote
1049 3351 1341 3421 cognatos
1362 3346 1530 3406 inter
1550 3348 1805 3407 humare
1829 3366 2035 3427 rogoS,

640 3425 767 3490 Sed
793 3433 898 3487 tua
921 3446 1082 3488 nunc
1107 3425 1390 3489 volueres
1414 3436 1616 3491 astant
1636 3450 1823 3512 super
1848 3452 1983 3492 ossa
2005 3428 2301 3507 marinae,
