2592 3867
781 168 1164 229 unua
1239 166 1610 247 11,1,2,3.
2077 164 2161 229 23

349 349 382 403 5
423 336 620 402 Fulva
635 356 810 399 coma
829 342 929 396 est
946 334 1296 413 longaeque
1318 353 1553 410 manus,
1574 339 1641 394 et
1658 334 1916 395 maxima
1934 338 2067 394 toto

506 423 812 501 Corpore,
834 426 901 479 et
920 416 1158 479 incedit
1179 415 1278 477 vel
1301 417 1444 477 Iove
1468 416 1649 494 digna
1671 436 1870 496 soror,

423 508 552 568 Aut
573 524 712 565 cum
729 501 1049 563 Dulichias
1089 497 1296 561 Pallas
1322 501 1621 579 spatiatur
1643 498 1723 561 ad
1742 520 1898 578 aras,

507 588 816 667 Gorgonis
842 586 1198 663 anguiferae
1220 590 1441 663 pectus
1464 588 1683 663 operta
1704 584 1913 643 comis.

426 668 636 749 Qualis
661 676 726 731 et
743 669 1138 731 Ischomache
1157 667 1461 749 Lapithae
1483 685 1677 745 genus
1698 667 1981 744 heroine,
2074 676 2083 681 “

321 766 390 819 10
507 754 836 815 Centauris
857 751 1062 813 medio
1089 756 1261 830 grata
1280 751 1498 829 rapina
1518 768 1714 827 mero,

423 838 743 901 Mercurio
767 841 834 897 et
855 836 1083 897 sanctis
1104 835 1311 896 fertur
1331 833 1681 894 Boebeidos
1702 832 1885 895 undis

505 921 873 999 virgineum
892 919 1102 979 Brimo
1129 919 1545 997 composuisse
1568 918 1763 980 latus..

426 1003 652 1065 Cedite
669 1006 814 1081 iam,
837 1000 1033 1079 divae,
1055 1018 1204 1080 quas
1225 1005 1439 1081 pastor
1459 999 1703 1060 viderat
1720 998 1869 1061 olim

505 1085 704 1148 Idaeis
725 1086 964 1146 tunicas
983 1102 1223 1165 ponere
1243 1084 1597 1143 verticibus.

319 1179 386 1235 15
428 1171 606 1231 Hanc
627 1172 860 1231 utinam
886 1169 1110 1229 faciem
1129 1165 1288 1228 nolit
1310 1172 1552 1228 mutare
1574 1171 1885 1244 senectus,

508 1255 646 1317 Etsi
664 1255 969 1314 Cumaeae
992 1248 1236 1311 saecula
1255 1252 1411 1310 vatis
1434 1255 1595 1328 aget.

345 1385 396 1479 3
434 1384 560 1489 (lui
577 1418 810 1481 nullam
829 1420 948 1479 tibi
971 1417 1220 1479 dicebas
1247 1419 1369 1477 iam
1388 1435 1574 1497 posse
1592 1434 1845 1495 nocere,

506 1504 803 1581 Haesisti,
827 1501 1056 1563 cecidit
1076 1503 1332 1582 spiritus
1352 1500 1464 1561 ille
1486 1507 1645 1562 tuus.

427 1587 548 1649 Vix
567 1606 754 1646 unum
772 1591 976 1665 potes,
997 1584 1236 1662 infelix,
1257 1586 1663 1663 requiescere
1684 1601 1979 1662 mensem,

507 1670 592 1729 Et
611 1670 812 1748 turpis
833 1666 912 1729 de
933 1675 1000 1727 te
1021 1670 1143 1729 iam
1161 1668 1328 1727 liber
1352 1666 1511 1727 alter
1534 1668 1677 1729 erit.

307 1748 316 1755 ’
351 1766 386 1817 5
430 1752 834 1828 Quaerebam,
859 1752 1022 1810 sicca
1043 1752 1096 1809 si
1114 1756 1329 1830 posset
1348 1751 1537 1829 piscis
1560 1767 1747 1809 arena

507 1834 638 1894 Nec
662 1833 882 1893 solitus
903 1838 1095 1913 ponto
1117 1834 1327 1893 vivere
1347 1838 1558 1892 torvus
1582 1849 1752 1911 aper,

425 1920 553 1980 Aut
575 1935 688 1995 ego
715 1918 767 1977 ai
784 1935 1032 1996 possem
1053 1915 1273 1976 studiis
1295 1914 1555 1994 vigilare
1578 1915 1842 1975 severis:
1932 1943 1937 1947 ·

507 2001 833 2078 Differtur,
856 2018 1182 2079 numquam
1201 1996 1445 2059 tollitur
1465 1998 1627 2059 ullus
1653 2017 1839 2059 amor.

423 2086 556 2147 Nec
577 2103 676 2145 me
697 2091 824 2145 tam
841 2085 1057 2160 facies,
1083 2084 1353 2163 quamvis
1378 2085 1461 2143 sit
1481 2080 1759 2160 candida,
1784 2081 1953 2162 cepit

321 2178 389 2230 10
552 2166 715 2228 Lilia
735 2187 862 2228 non
884 2166 1128 2227 domina
1151 2169 1276 2228 sint
1295 2169 1488 2245 magis
1510 2166 1649 2227 alba
1666 2184 1837 2239 mea;

421 2251 512 2312 Ut
606 2253 843 2311 aeotica
858 2251 963 2311 nix
983 2252 1180 2315 minio.
1197 2250 1250 2310 si
1271 2256 1479 2313 certet
1498 2250 1761 2327 Hibero,

465 2370 480 2375 ,
507 2335 716 2414 thue
737 2353 918 2396 rosae
939 2352 1096 2414 puro
1115 2335 1281 2397 lacte
1302 2340 1518 2395 natant
1536 2326 1771 2418 folia),-

424 2418 554 2478 Nec
577 2418 658 2479 de
679 2437 852 2479 more
875 2436 1084 2479 comae
1105 2436 1222 2497 per
1240 2416 1405 2478 levia
1426 2416 1589 2479 colla
1607 2418 1897 2495 fluentes,

507 2502 646 2562 Non
673 2500 857 2578 oculi,
881 2504 1180 2579 geminae,
1204 2500 1413 2560 sidera
1432 2507 1665 2577 nostra,
1693 2501 1885 2577 faces,

321 2593 390 2645 15
428 2584 488 2645 N
489 2602 561 2642 ec
584 2586 638 2643 si
662 2602 782 2661 qua
801 2583 1032 2643 Arabio
1052 2583 1224 2643 lucet
1243 2583 1547 2659 bombyce
1567 2580 1777 2661 puella

511 2658 692 2751 (Non
713 2684 848 2725 sum
868 2664 948 2725 de
969 2664 1164 2725 nihilo
1187 2662 1450 2724 blandus
1480 2670 1713 2723 amator
1737 2657 1919 2747 ego),

429 2749 735 2825 Quantum
757 2748 924 2827 quod
941 2749 1144 2829 posito
1168 2748 1440 2808 formose
1463 2746 1647 2808 saltat
1664 2746 1902 2825 Iaccho,

502 2834 652 2911 Egit
671 2838 740 2892 ut
761 2833 1060 2893 euhantes
1083 2832 1204 2893 dux
1224 2831 1499 2893 Ariadna
1520 2832 1766 2909 choros,

423 2916 508 2979 Et
529 2922 842 2997 quantum,
864 2916 1083 2978 Aeolio
1107 2936 1244 2977 cum
1265 2920 1531 2997 temptat
1552 2915 1821 2977 carmina
1844 2913 2109 2995 plectro,

315 3009 388 3062 20
507 2998 631 3061 Par
651 3001 1048 3081 Aganippeae
1069 3000 1291 3061 ludere
1316 2999 1499 3061 docta
1516 3000 1711 3079 lyrae,

422 3084 508 3145 Et
529 3103 636 3145 sua
658 3104 796 3145 cum
817 3086 1106 3164 antiquae
1129 3086 1459 3145 committit
1478 3086 1712 3165 scripta
1733 3083 2043 3145 Corinnae

504 3168 914 3248 Carminaque
937 3170 1206 3230 Erinnes
1229 3188 1355 3236 non
1374 3175 1552 3249 putat
1572 3187 1767 3247 aequa
1788 3170 1932 3229 suis.

379 3248 390 3259 '
419 3250 579 3311 Num
599 3254 715 3311 tibi
735 3254 1016 3313 nascenti
1037 3254 1274 3333 primis,
1295 3271 1435 3313 mea
1453 3254 1598 3330 vita,
1622 3252 1841 3313 diebus

401 3410 410 3421 ⁶
504 3334 818 3395 Candidus
841 3342 1122 3415 argutum
1144 3338 1413 3396 sternuit
1432 3354 1614 3395 omen
1634 3336 1826 3395 Amor
1839 3333 1872 3391 2²

311 3424 380 3478 25
421 3418 596 3477 Haec
622 3418 738 3478 tibi
759 3418 1158 3499 contulerunt
1175 3417 1473 3481 caelestia
1492 3436 1749 3478 munera
1770 3414 1917 3488 divi,
