<?xml version="1.0" encoding="UTF-8"?>
<!DOCTYPE html PUBLIC "-//W3C//DTD XHTML 1.0 Transitional//EN"
    "http://www.w3.org/TR/xhtml1/DTD/xhtml1-transitional.dtd">
<html xmlns="http://www.w3.org/1999/xhtml" xml:lang="en" lang="en">
 <head>
  <title>
</title>
<meta http-equiv="Content-Type" content="text/html;charset=utf-8" />
  <meta name='ocr-system' content='tesseract 3.04.00' />
  <meta name='ocr-capabilities' content='ocr_page ocr_carea ocr_par ocr_line ocrx_word'/>
</head>
<body>
  <div class='ocr_page' id='page_1' title='image "./sexpropertiiele00keilgoog_0064.png"; bbox 0 0 2592 3867; ppageno 0'>
   <div class='ocr_carea' id='block_1_1' title="bbox 414 180 2285 2425">
    <p class='ocr_par' dir='ltr' id='par_1_1' title="bbox 414 180 2262 2425">
     <span class='ocr_line' id='line_1_1' title="bbox 414 180 1731 247; baseline -0.005 0"><span class='ocrx_word' id='word_1_1' title='bbox 414 182 501 247; x_wconf 82' lang='lat'><strong>54</strong></span> <span class='ocrx_word' id='word_1_2' title='bbox 1004 182 1051 244; x_wconf 82' lang='grc' dir='ltr'>Ρ</span> <span class='ocrx_word' id='word_1_3' title='bbox 1089 183 1143 245; x_wconf 82' lang='lat' dir='ltr'>R</span> <span class='ocrx_word' id='word_1_4' title='bbox 1183 182 1232 243; x_wconf 91' lang='grc' dir='ltr'><strong>Ο</strong></span> <span class='ocrx_word' id='word_1_5' title='bbox 1275 182 1322 242; x_wconf 87' lang='lat' dir='ltr'>P</span> <span class='ocrx_word' id='word_1_6' title='bbox 1361 182 1410 242; x_wconf 91' lang='lat' dir='ltr'>E</span> <span class='ocrx_word' id='word_1_7' title='bbox 1452 182 1508 244; x_wconf 80' lang='lat' dir='ltr'>R</span> <span class='ocrx_word' id='word_1_8' title='bbox 1549 182 1595 242; x_wconf 90' lang='lat' dir='ltr'>T</span> <span class='ocrx_word' id='word_1_9' title='bbox 1635 180 1665 243; x_wconf 91' lang='lat'>1</span> <span class='ocrx_word' id='word_1_10' title='bbox 1704 182 1731 241; x_wconf 93' lang='lat' dir='ltr'><strong>l</strong></span> 
     </span>
     <span class='ocr_line' id='line_1_2' title="bbox 471 304 516 342; baseline 0 0"><span class='ocrx_word' id='word_1_11' title='bbox 471 304 516 342; x_wconf 74' lang='grc' dir='ltr'><strong>ο</strong></span> 
     </span>
     <span class='ocr_line' id='line_1_3' title="bbox 667 349 1855 429; baseline -0.001 -19"><span class='ocrx_word' id='word_1_12' title='bbox 667 349 987 428; x_wconf 83' lang='lat' dir='ltr'><strong>Silenique</strong></span> <span class='ocrx_word' id='word_1_13' title='bbox 1009 367 1194 411; x_wconf 90' lang='lat' dir='ltr'><strong>senes</strong></span> <span class='ocrx_word' id='word_1_14' title='bbox 1217 355 1282 409; x_wconf 91' lang='lat' dir='ltr'><strong>et</strong></span> <span class='ocrx_word' id='word_1_15' title='bbox 1302 354 1482 429; x_wconf 86' lang='lat' dir='ltr'><strong>pater</strong></span> <span class='ocrx_word' id='word_1_16' title='bbox 1500 350 1637 429; x_wconf 87' lang='lat' dir='ltr'><strong>ipse</strong></span> <span class='ocrx_word' id='word_1_17' title='bbox 1660 349 1855 427; x_wconf 83' lang='lat' dir='ltr'><strong>chori,</strong></span> 
     </span>
     <span class='ocr_line' id='line_1_4' title="bbox 577 430 1976 513; baseline -0.001 -18"><span class='ocrx_word' id='word_1_18' title='bbox 577 434 736 495; x_wconf 78' lang='grc'>011111</span> <span class='ocrx_word' id='word_1_19' title='bbox 759 434 979 512; x_wconf 86' lang='lat' dir='ltr'><strong>quibus</strong></span> <span class='ocrx_word' id='word_1_20' title='bbox 1001 431 1184 493; x_wconf 84' lang='lat' dir='ltr'><strong>Idaeo</strong></span> <span class='ocrx_word' id='word_1_21' title='bbox 1207 430 1416 509; x_wconf 79' lang='lat' dir='ltr'><strong>legisti</strong></span> <span class='ocrx_word' id='word_1_22' title='bbox 1437 451 1619 511; x_wconf 84' lang='lat' dir='ltr'><strong>poma</strong></span> <span class='ocrx_word' id='word_1_23' title='bbox 1639 433 1750 493; x_wconf 85' lang='lat' dir='ltr'><strong>sub</strong></span> <span class='ocrx_word' id='word_1_24' title='bbox 1774 438 1976 513; x_wconf 82' lang='lat' dir='ltr'><strong>antro,</strong></span> 
     </span>
     <span class='ocr_line' id='line_1_5' title="bbox 419 514 1947 617; baseline 0.001 -42"><span class='ocrx_word' id='word_1_25' title='bbox 419 564 426 575; x_wconf 97' lang='lat'>.</span> <span class='ocrx_word' id='word_1_26' title='bbox 470 524 541 579; x_wconf 78' lang='lat'><strong>40</strong></span> <span class='ocrx_word' id='word_1_27' title='bbox 664 516 994 617; x_wconf 88' lang='lat' dir='ltr'><strong>Supposita</strong></span> <span class='ocrx_word' id='word_1_28' title='bbox 1015 516 1331 595; x_wconf 82' lang='lat' dir='ltr'><strong>excipiens</strong></span> <span class='ocrx_word' id='word_1_29' title='bbox 1352 514 1411 573; x_wconf 91' lang='lat' dir='ltr'>N</span> <span class='ocrx_word' id='word_1_30' title='bbox 1412 516 1543 574; x_wconf 80' lang='lat' dir='ltr'><strong>aloa</strong></span> <span class='ocrx_word' id='word_1_31' title='bbox 1564 514 1726 574; x_wconf 81' lang='lat' dir='ltr'><strong>dona</strong></span> <span class='ocrx_word' id='word_1_32' title='bbox 1746 535 1947 579; x_wconf 82' lang='lat' dir='ltr'><strong>manu.</strong></span> 
     </span>
     <span class='ocr_line' id='line_1_6' title="bbox 577 600 2249 683; baseline 0.001 -22"><span class='ocrx_word' id='word_1_33' title='bbox 577 600 676 661; x_wconf 85' lang='lat' dir='ltr'><strong>An</strong></span> <span class='ocrx_word' id='word_1_34' title='bbox 701 601 1020 683; x_wconf 90' lang='lat' dir='ltr'><strong>quisquam</strong></span> <span class='ocrx_word' id='word_1_35' title='bbox 1040 600 1104 658; x_wconf 89' lang='lat' dir='ltr'><strong>in</strong></span> <span class='ocrx_word' id='word_1_36' title='bbox 1125 604 1297 657; x_wconf 87' lang='lat' dir='ltr'><strong>tanto</strong></span> <span class='ocrx_word' id='word_1_37' title='bbox 1322 603 1678 677; x_wconf 83' lang='lat' dir='ltr'><strong>stuprorum</strong></span> <span class='ocrx_word' id='word_1_38' title='bbox 1700 602 1977 660; x_wconf 75' lang='lat' dir='ltr'><strong>examine</strong></span> <span class='ocrx_word' id='word_1_39' title='bbox 2002 605 2249 681; x_wconf 80' lang='lat' dir='ltr'><strong>quaerit</strong></span> 
     </span>
     <span class='ocr_line' id='line_1_7' title="bbox 661 680 2285 759; baseline 0.003 -16.066"><span class='ocrx_word' id='word_1_40' title='bbox 661 684 815 743; x_wconf 78' lang='lat' dir='ltr'><strong>‘Gur</strong></span> <span class='ocrx_word' id='word_1_41' title='bbox 835 684 990 742; x_wconf 81' lang='lat' dir='ltr'><strong>haee</strong></span> <span class='ocrx_word' id='word_1_42' title='bbox 1010 689 1136 741; x_wconf 89' lang='lat' dir='ltr'><strong>tam</strong></span> <span class='ocrx_word' id='word_1_43' title='bbox 1160 680 1378 741; x_wconf 68' lang='lat' dir='ltr'><strong>dives?</strong></span> <span class='ocrx_word' id='word_1_44' title='bbox 1423 682 1561 759; x_wconf 79' lang='lat' dir='ltr'><strong>quis</strong></span> <span class='ocrx_word' id='word_1_45' title='bbox 1584 680 1807 742; x_wconf 59' lang='lat' dir='ltr'><strong>dedit?</strong></span> <span class='ocrx_word' id='word_1_46' title='bbox 1848 683 2014 744; x_wconf 86' lang='lat' dir='ltr'><strong>unde</strong></span> <span class='ocrx_word' id='word_1_47' title='bbox 2038 685 2285 747; x_wconf 50' lang='lat' dir='ltr'><strong>dedit?</strong></span> 
     </span>
     <span class='ocr_line' id='line_1_8' title="bbox 577 762 2012 845; baseline 0.001 -20"><span class='ocrx_word' id='word_1_48' title='bbox 577 766 632 825; x_wconf 90' lang='lat'>0</span> <span class='ocrx_word' id='word_1_49' title='bbox 648 766 902 825; x_wconf 90' lang='lat' dir='ltr'><strong>nimium</strong></span> <span class='ocrx_word' id='word_1_50' title='bbox 923 770 1136 825; x_wconf 90' lang='lat' dir='ltr'><strong>nostro</strong></span> <span class='ocrx_word' id='word_1_51' title='bbox 1159 762 1408 824; x_wconf 84' lang='lat' dir='ltr'><strong>felicem</strong></span> <span class='ocrx_word' id='word_1_52' title='bbox 1432 769 1717 844; x_wconf 89' lang='lat' dir='ltr'><strong>tempore</strong></span> <span class='ocrx_word' id='word_1_53' title='bbox 1739 766 2012 845; x_wconf 82' lang='lat' dir='ltr'><strong>Romam,</strong></span> 
     </span>
     <span class='ocr_line' id='line_1_9' title="bbox 655 846 1814 927; baseline 0.002 -20"><span class='ocrx_word' id='word_1_54' title='bbox 655 847 725 907; x_wconf 87' lang='lat' dir='ltr'><strong>Si</strong></span> <span class='ocrx_word' id='word_1_55' title='bbox 752 854 968 908; x_wconf 88' lang='lat' dir='ltr'><strong>eontra</strong></span> <span class='ocrx_word' id='word_1_56' title='bbox 990 866 1196 907; x_wconf 84' lang='lat' dir='ltr'><strong>mores</strong></span> <span class='ocrx_word' id='word_1_57' title='bbox 1217 867 1339 907; x_wconf 90' lang='lat' dir='ltr'><strong>una</strong></span> <span class='ocrx_word' id='word_1_58' title='bbox 1357 846 1569 927; x_wconf 80' lang='lat' dir='ltr'><strong>puella</strong></span> <span class='ocrx_word' id='word_1_59' title='bbox 1588 850 1814 909; x_wconf 77' lang='lat' dir='ltr'><strong>facit!-</strong></span> 
     </span>
     <span class='ocr_line' id='line_1_10' title="bbox 464 930 2135 1012; baseline 0.001 -20"><span class='ocrx_word' id='word_1_60' title='bbox 464 940 536 992; x_wconf 82' lang='lat'><strong>45</strong></span> <span class='ocrx_word' id='word_1_61' title='bbox 578 931 751 991; x_wconf 85' lang='lat' dir='ltr'><strong>Haec</strong></span> <span class='ocrx_word' id='word_1_62' title='bbox 775 930 992 991; x_wconf 83' lang='lat' dir='ltr'><strong>eadem</strong></span> <span class='ocrx_word' id='word_1_63' title='bbox 1014 938 1156 991; x_wconf 86' lang='lat' dir='ltr'><strong>ante</strong></span> <span class='ocrx_word' id='word_1_64' title='bbox 1178 930 1352 991; x_wconf 86' lang='lat' dir='ltr'><strong>illam</strong></span> <span class='ocrx_word' id='word_1_65' title='bbox 1370 932 1601 1012; x_wconf 89' lang='lat' dir='ltr'><strong>inpune</strong></span> <span class='ocrx_word' id='word_1_66' title='bbox 1624 939 1691 992; x_wconf 92' lang='lat' dir='ltr'><strong>et</strong></span> <span class='ocrx_word' id='word_1_67' title='bbox 1708 932 1935 993; x_wconf 84' lang='lat' dir='ltr'><strong>Lesbia</strong></span> <span class='ocrx_word' id='word_1_68' title='bbox 1954 934 2135 994; x_wconf 82' lang='lat' dir='ltr'><strong>feeit:</strong></span> 
     </span>
     <span class='ocr_line' id='line_1_11' title="bbox 658 1015 2028 1095; baseline 0.001 -20"><span class='ocrx_word' id='word_1_69' title='bbox 658 1016 828 1091; x_wconf 76' lang='lat' dir='ltr'><strong>Quae</strong></span> <span class='ocrx_word' id='word_1_70' title='bbox 850 1016 1152 1095; x_wconf 81' lang='lat' dir='ltr'><strong>sequitur,</strong></span> <span class='ocrx_word' id='word_1_71' title='bbox 1177 1022 1351 1075; x_wconf 85' lang='lat' dir='ltr'><strong>certe</strong></span> <span class='ocrx_word' id='word_1_72' title='bbox 1374 1023 1470 1075; x_wconf 91' lang='lat' dir='ltr'><strong>est</strong></span> <span class='ocrx_word' id='word_1_73' title='bbox 1488 1015 1793 1076; x_wconf 80' lang='lat' dir='ltr'><strong>invidiosa</strong></span> <span class='ocrx_word' id='word_1_74' title='bbox 1810 1018 2028 1077; x_wconf 85' lang='lat' dir='ltr'><strong>minus.</strong></span> 
     </span>
     <span class='ocr_line' id='line_1_12' title="bbox 574 1097 2111 1185; baseline 0.001 -26"><span class='ocrx_word' id='word_1_75' title='bbox 574 1098 694 1174; x_wconf 78' lang='lat' dir='ltr'><strong>Qui</strong></span> <span class='ocrx_word' id='word_1_76' title='bbox 719 1100 964 1185; x_wconf 83' lang='lat' dir='ltr'><strong>quaerit</strong></span> <span class='ocrx_word' id='word_1_77' title='bbox 985 1098 1202 1158; x_wconf 88' lang='lat' dir='ltr'><strong>Tatios</strong></span> <span class='ocrx_word' id='word_1_78' title='bbox 1223 1104 1471 1159; x_wconf 82' lang='lat' dir='ltr'><strong>veteres</strong></span> <span class='ocrx_word' id='word_1_79' title='bbox 1495 1097 1807 1179; x_wconf 84' lang='lat' dir='ltr'><strong>durosque</strong></span> <span class='ocrx_word' id='word_1_80' title='bbox 1832 1099 2111 1179; x_wconf 85' lang='lat' dir='ltr'><strong>Sabinos,</strong></span> 
     </span>
     <span class='ocr_line' id='line_1_13' title="bbox 657 1178 1985 1263; baseline 0.002 -22"><span class='ocrx_word' id='word_1_81' title='bbox 657 1182 778 1241; x_wconf 79' lang='lat' dir='ltr'><strong>Hic</strong></span> <span class='ocrx_word' id='word_1_82' title='bbox 797 1178 1005 1262; x_wconf 85' lang='lat' dir='ltr'><strong>posuit</strong></span> <span class='ocrx_word' id='word_1_83' title='bbox 1024 1187 1238 1241; x_wconf 88' lang='lat' dir='ltr'><strong>nostra</strong></span> <span class='ocrx_word' id='word_1_84' title='bbox 1257 1200 1459 1261; x_wconf 85' lang='lat' dir='ltr'><strong>nuper</strong></span> <span class='ocrx_word' id='word_1_85' title='bbox 1478 1184 1544 1241; x_wconf 89' lang='lat' dir='ltr'><strong>in</strong></span> <span class='ocrx_word' id='word_1_86' title='bbox 1566 1186 1722 1243; x_wconf 88' lang='lat' dir='ltr'><strong>urbe</strong></span> <span class='ocrx_word' id='word_1_87' title='bbox 1741 1182 1985 1263; x_wconf 81' lang='lat' dir='ltr'><strong>pedem.</strong></span> 
     </span>
     <span class='ocr_line' id='line_1_14' title="bbox 574 1266 2005 1344; baseline 0 -18"><span class='ocrx_word' id='word_1_88' title='bbox 574 1266 674 1326; x_wconf 83' lang='lat' dir='ltr'><strong>Tu</strong></span> <span class='ocrx_word' id='word_1_89' title='bbox 692 1266 866 1344; x_wconf 85' lang='lat' dir='ltr'><strong>prius</strong></span> <span class='ocrx_word' id='word_1_90' title='bbox 892 1272 958 1325; x_wconf 92' lang='lat' dir='ltr'><strong>et</strong></span> <span class='ocrx_word' id='word_1_91' title='bbox 975 1266 1198 1324; x_wconf 88' lang='lat' dir='ltr'><strong>fluctus</strong></span> <span class='ocrx_word' id='word_1_92' title='bbox 1218 1266 1458 1344; x_wconf 81' lang='lat' dir='ltr'><strong>poteris</strong></span> <span class='ocrx_word' id='word_1_93' title='bbox 1480 1267 1715 1326; x_wconf 85' lang='lat' dir='ltr'><strong>siccare</strong></span> <span class='ocrx_word' id='word_1_94' title='bbox 1737 1268 2005 1326; x_wconf 83' lang='lat' dir='ltr'><strong>marinos</strong></span> 
     </span>
     <span class='ocr_line' id='line_1_15' title="bbox 463 1345 1919 1429; baseline 0.001 -23"><span class='ocrx_word' id='word_1_95' title='bbox 463 1353 535 1406; x_wconf 82' lang='lat'><strong>50</strong></span> <span class='ocrx_word' id='word_1_96' title='bbox 657 1346 928 1426; x_wconf 77' lang='lat' dir='ltr'><strong>Altaque</strong></span> <span class='ocrx_word' id='word_1_97' title='bbox 957 1345 1205 1408; x_wconf 76' lang='lat' dir='ltr'><strong>mortali</strong></span> <span class='ocrx_word' id='word_1_98' title='bbox 1229 1347 1509 1429; x_wconf 82' lang='lat' dir='ltr'><strong>deligere</strong></span> <span class='ocrx_word' id='word_1_99' title='bbox 1536 1357 1701 1410; x_wconf 87' lang='lat' dir='ltr'><strong>astra</strong></span> <span class='ocrx_word' id='word_1_100' title='bbox 1719 1368 1919 1427; x_wconf 82' lang='lat' dir='ltr'><strong>manu,</strong></span> 
     </span>
     <span class='ocr_line' id='line_1_16' title="bbox 572 1430 2245 1513; baseline 0 -23"><span class='ocrx_word' id='word_1_101' title='bbox 572 1431 765 1506; x_wconf 76' lang='lat' dir='ltr'><strong>Quam</strong></span> <span class='ocrx_word' id='word_1_102' title='bbox 785 1431 1018 1509; x_wconf 84' lang='lat' dir='ltr'><strong>facere,</strong></span> <span class='ocrx_word' id='word_1_103' title='bbox 1045 1436 1116 1491; x_wconf 90' lang='grc'><strong>111</strong></span> <span class='ocrx_word' id='word_1_104' title='bbox 1135 1438 1388 1493; x_wconf 89' lang='lat' dir='ltr'><strong>nostrae</strong></span> <span class='ocrx_word' id='word_1_105' title='bbox 1409 1430 1610 1493; x_wconf 90' lang='lat' dir='ltr'><strong>nolint</strong></span> <span class='ocrx_word' id='word_1_106' title='bbox 1628 1450 1889 1513; x_wconf 80' lang='lat' dir='ltr'><strong>peceare</strong></span> <span class='ocrx_word' id='word_1_107' title='bbox 1911 1430 2194 1511; x_wconf 84' lang='lat' dir='ltr'><strong>puellae:</strong></span> <span class='ocrx_word' id='word_1_108' title='bbox 2242 1468 2245 1473; x_wconf 96' lang='lat'>-</span> 
     </span>
     <span class='ocr_line' id='line_1_17' title="bbox 650 1514 1863 1595; baseline 0.002 -22"><span class='ocrx_word' id='word_1_109' title='bbox 650 1514 772 1574; x_wconf 86' lang='lat' dir='ltr'><strong>Hic</strong></span> <span class='ocrx_word' id='word_1_110' title='bbox 791 1534 923 1576; x_wconf 92' lang='lat' dir='ltr'><strong>mos</strong></span> <span class='ocrx_word' id='word_1_111' title='bbox 945 1516 1210 1576; x_wconf 85' lang='lat' dir='ltr'><strong>Saturno</strong></span> <span class='ocrx_word' id='word_1_112' title='bbox 1234 1536 1428 1595; x_wconf 81' lang='lat' dir='ltr'><strong>regna</strong></span> <span class='ocrx_word' id='word_1_113' title='bbox 1447 1522 1705 1576; x_wconf 87' lang='lat' dir='ltr'><strong>tenente</strong></span> <span class='ocrx_word' id='word_1_114' title='bbox 1724 1515 1863 1593; x_wconf 80' lang='lat' dir='ltr'><strong>fuit,</strong></span> 
     </span>
     <span class='ocr_line' id='line_1_18' title="bbox 563 1596 2100 1681; baseline 0 -24"><span class='ocrx_word' id='word_1_115' title='bbox 563 1598 650 1657; x_wconf 80' lang='lat' dir='ltr'><strong>Et</strong></span> <span class='ocrx_word' id='word_1_116' title='bbox 671 1617 809 1658; x_wconf 84' lang='lat' dir='ltr'><strong>cum</strong></span> <span class='ocrx_word' id='word_1_117' title='bbox 829 1596 1224 1660; x_wconf 78' lang='lat' dir='ltr'><strong>Deucalionis</strong></span> <span class='ocrx_word' id='word_1_118' title='bbox 1249 1620 1443 1681; x_wconf 82' lang='lat' dir='ltr'><strong>aquae</strong></span> <span class='ocrx_word' id='word_1_119' title='bbox 1468 1602 1703 1661; x_wconf 83' lang='lat' dir='ltr'><strong>fluxere</strong></span> <span class='ocrx_word' id='word_1_120' title='bbox 1723 1616 1839 1680; x_wconf 88' lang='lat' dir='ltr'><strong>per</strong></span> <span class='ocrx_word' id='word_1_121' title='bbox 1864 1599 2100 1675; x_wconf 83' lang='lat' dir='ltr'><strong>orbem,</strong></span> 
     </span>
     <span class='ocr_line' id='line_1_19' title="bbox 644 1682 1845 1787; baseline 0 -44"><span class='ocrx_word' id='word_1_122' title='bbox 644 1682 731 1743; x_wconf 88' lang='lat' dir='ltr'><strong>Et</strong></span> <span class='ocrx_word' id='word_1_123' title='bbox 752 1691 898 1763; x_wconf 87' lang='lat' dir='ltr'><strong>post</strong></span> <span class='ocrx_word' id='word_1_124' title='bbox 925 1685 1204 1787; x_wconf 58' lang='lat' dir='ltr'><strong>antiquas</strong></span> <span class='ocrx_word' id='word_1_125' title='bbox 1229 1684 1621 1745; x_wconf 77' lang='lat' dir='ltr'><strong>Deucalionis</strong></span> <span class='ocrx_word' id='word_1_126' title='bbox 1643 1702 1845 1764; x_wconf 83' lang='lat' dir='ltr'><strong>aquas.</strong></span> 
     </span>
     <span class='ocr_line' id='line_1_20' title="bbox 461 1764 2126 1849; baseline 0 -24"><span class='ocrx_word' id='word_1_127' title='bbox 461 1770 531 1826; x_wconf 81' lang='lat'><strong>55</strong></span> <span class='ocrx_word' id='word_1_128' title='bbox 571 1766 688 1827; x_wconf 87' lang='lat' dir='ltr'><strong>Dic</strong></span> <span class='ocrx_word' id='word_1_129' title='bbox 709 1769 881 1847; x_wconf 82' lang='lat' dir='ltr'><strong>mihi,</strong></span> <span class='ocrx_word' id='word_1_130' title='bbox 907 1768 1042 1849; x_wconf 88' lang='lat' dir='ltr'><strong>quis</strong></span> <span class='ocrx_word' id='word_1_131' title='bbox 1063 1770 1268 1848; x_wconf 84' lang='lat' dir='ltr'><strong>potuit</strong></span> <span class='ocrx_word' id='word_1_132' title='bbox 1290 1766 1526 1828; x_wconf 86' lang='lat' dir='ltr'><strong>lectum</strong></span> <span class='ocrx_word' id='word_1_133' title='bbox 1547 1786 1799 1828; x_wconf 82' lang='lat' dir='ltr'><strong>servare</strong></span> <span class='ocrx_word' id='word_1_134' title='bbox 1819 1764 2126 1847; x_wconf 79' lang='lat' dir='ltr'><strong>pudicum,</strong></span> 
     </span>
     <span class='ocr_line' id='line_1_21' title="bbox 646 1848 1851 1927; baseline -0.002 -14"><span class='ocrx_word' id='word_1_135' title='bbox 646 1852 818 1927; x_wconf 77' lang='lat' dir='ltr'><strong>Quae</strong></span> <span class='ocrx_word' id='word_1_136' title='bbox 843 1852 960 1913; x_wconf 84' lang='lat' dir='ltr'><strong>dea</strong></span> <span class='ocrx_word' id='word_1_137' title='bbox 982 1872 1119 1912; x_wconf 83' lang='lat' dir='ltr'><strong>oum</strong></span> <span class='ocrx_word' id='word_1_138' title='bbox 1139 1850 1274 1912; x_wconf 90' lang='lat' dir='ltr'><strong>solo</strong></span> <span class='ocrx_word' id='word_1_139' title='bbox 1295 1853 1503 1912; x_wconf 82' lang='lat' dir='ltr'><strong>vivere</strong></span> <span class='ocrx_word' id='word_1_140' title='bbox 1526 1848 1661 1910; x_wconf 89' lang='lat' dir='ltr'><strong>sola</strong></span> <span class='ocrx_word' id='word_1_141' title='bbox 1682 1850 1802 1911; x_wconf 80' lang='lat' dir='ltr'><strong>deo</strong></span> <span class='ocrx_word' id='word_1_142' title='bbox 1818 1852 1851 1910; x_wconf 70' lang='lat'><strong>⁴?</strong></span> 
     </span>
     <span class='ocr_line' id='line_1_22' title="bbox 562 1933 1969 2014; baseline -0.002 -19"><span class='ocrx_word' id='word_1_143' title='bbox 562 1933 834 1995; x_wconf 87' lang='lat' dir='ltr'><strong>Uxorem</strong></span> <span class='ocrx_word' id='word_1_144' title='bbox 857 1933 1163 2014; x_wconf 83' lang='lat' dir='ltr'><strong>quondam</strong></span> <span class='ocrx_word' id='word_1_145' title='bbox 1183 1936 1388 2010; x_wconf 84' lang='lat' dir='ltr'><strong>magni</strong></span> <span class='ocrx_word' id='word_1_146' title='bbox 1408 1934 1661 2010; x_wconf 82' lang='lat' dir='ltr'><strong>Minois,</strong></span> <span class='ocrx_word' id='word_1_147' title='bbox 1686 1940 1757 1992; x_wconf 86' lang='lat' dir='ltr'><strong>ut</strong></span> <span class='ocrx_word' id='word_1_148' title='bbox 1780 1934 1969 2010; x_wconf 84' lang='lat' dir='ltr'><strong>aiunt,</strong></span> 
     </span>
     <span class='ocr_line' id='line_1_23' title="bbox 647 2014 1852 2094; baseline 0.001 -20"><span class='ocrx_word' id='word_1_149' title='bbox 647 2018 944 2094; x_wconf 78' lang='lat' dir='ltr'><strong>Corrupit</strong></span> <span class='ocrx_word' id='word_1_150' title='bbox 963 2017 1126 2074; x_wconf 84' lang='lat' dir='ltr'><strong>torvi</strong></span> <span class='ocrx_word' id='word_1_151' title='bbox 1148 2014 1409 2074; x_wconf 80' lang='lat' dir='ltr'><strong>candida</strong></span> <span class='ocrx_word' id='word_1_152' title='bbox 1432 2016 1632 2072; x_wconf 85' lang='lat' dir='ltr'><strong>forma</strong></span> <span class='ocrx_word' id='word_1_153' title='bbox 1658 2015 1852 2075; x_wconf 77' lang='lat' dir='ltr'><strong>bovis.</strong></span> 
     </span>
     <span class='ocr_line' id='line_1_24' title="bbox 559 2094 1968 2158; baseline -0.004 0"><span class='ocrx_word' id='word_1_154' title='bbox 559 2097 693 2158; x_wconf 86' lang='lat' dir='ltr'><strong>Nee</strong></span> <span class='ocrx_word' id='word_1_155' title='bbox 713 2098 910 2156; x_wconf 81' lang='lat' dir='ltr'><strong>minus</strong></span> <span class='ocrx_word' id='word_1_156' title='bbox 933 2100 1142 2156; x_wconf 86' lang='lat' dir='ltr'><strong>aerato</strong></span> <span class='ocrx_word' id='word_1_157' title='bbox 1163 2097 1373 2156; x_wconf 83' lang='lat' dir='ltr'><strong>Danae</strong></span> <span class='ocrx_word' id='word_1_158' title='bbox 1396 2094 1773 2155; x_wconf 80' lang='lat' dir='ltr'><strong>circumdata</strong></span> <span class='ocrx_word' id='word_1_159' title='bbox 1792 2112 1968 2154; x_wconf 88' lang='lat' dir='ltr'><strong>muro</strong></span> 
     </span>
     <span class='ocr_line' id='line_1_25' title="bbox 451 2176 1849 2258; baseline -0.004 -16"><span class='ocrx_word' id='word_1_160' title='bbox 451 2189 521 2243; x_wconf 86' lang='lat'><strong>60</strong></span> <span class='ocrx_word' id='word_1_161' title='bbox 640 2180 699 2239; x_wconf 91' lang='lat' dir='ltr'>N</span> <span class='ocrx_word' id='word_1_162' title='bbox 700 2199 778 2239; x_wconf 92' lang='lat' dir='ltr'><strong>on</strong></span> <span class='ocrx_word' id='word_1_163' title='bbox 799 2180 1005 2258; x_wconf 81' lang='lat' dir='ltr'><strong>potuit</strong></span> <span class='ocrx_word' id='word_1_164' title='bbox 1023 2196 1240 2256; x_wconf 83' lang='lat' dir='ltr'><strong>magno</strong></span> <span class='ocrx_word' id='word_1_165' title='bbox 1270 2185 1437 2238; x_wconf 85' lang='lat' dir='ltr'><strong>casta</strong></span> <span class='ocrx_word' id='word_1_166' title='bbox 1457 2195 1687 2255; x_wconf 86' lang='lat' dir='ltr'><strong>negare</strong></span> <span class='ocrx_word' id='word_1_167' title='bbox 1712 2176 1849 2239; x_wconf 83' lang='lat' dir='ltr'><strong>deo</strong></span> 
     </span>
     <span class='ocr_line' id='line_1_26' title="bbox 561 2260 2001 2340; baseline -0.001 -18"><span class='ocrx_word' id='word_1_168' title='bbox 561 2260 741 2339; x_wconf 76' lang='lat' dir='ltr'><strong>Quod</strong></span> <span class='ocrx_word' id='word_1_169' title='bbox 761 2263 815 2321; x_wconf 88' lang='lat' dir='ltr'><strong>si</strong></span> <span class='ocrx_word' id='word_1_170' title='bbox 835 2268 905 2322; x_wconf 89' lang='lat' dir='ltr'><strong>tu</strong></span> <span class='ocrx_word' id='word_1_171' title='bbox 927 2262 1142 2323; x_wconf 78' lang='lat' dir='ltr'><strong>Graias</strong></span> <span class='ocrx_word' id='word_1_172' title='bbox 1163 2268 1357 2340; x_wconf 88' lang='lat' dir='ltr'><strong>tuque</strong></span> <span class='ocrx_word' id='word_1_173' title='bbox 1382 2280 1451 2321; x_wconf 92' lang='lat' dir='ltr'><strong>es</strong></span> <span class='ocrx_word' id='word_1_174' title='bbox 1473 2262 1711 2322; x_wconf 85' lang='lat' dir='ltr'><strong>imitata</strong></span> <span class='ocrx_word' id='word_1_175' title='bbox 1729 2261 2001 2339; x_wconf 79' lang='lat' dir='ltr'><strong>Latinas,</strong></span> 
     </span>
     <span class='ocr_line' id='line_1_27' title="bbox 639 2343 1714 2425; baseline 0 -20"><span class='ocrx_word' id='word_1_176' title='bbox 639 2344 898 2425; x_wconf 91' lang='lat' dir='ltr'><strong>Semper</strong></span> <span class='ocrx_word' id='word_1_177' title='bbox 918 2346 1053 2404; x_wconf 80' lang='lat' dir='ltr'><strong>vive</strong></span> <span class='ocrx_word' id='word_1_178' title='bbox 1074 2362 1212 2404; x_wconf 89' lang='lat' dir='ltr'><strong>meo</strong></span> <span class='ocrx_word' id='word_1_179' title='bbox 1233 2345 1435 2405; x_wconf 86' lang='lat' dir='ltr'><strong>libera</strong></span> <span class='ocrx_word' id='word_1_180' title='bbox 1462 2343 1714 2407; x_wconf 82' lang='lat' dir='ltr'><strong>iudicio.</strong></span> 
     </span>
    </p>
   </div>
   <div class='ocr_carea' id='block_1_2' title="bbox 1125 2452 1543 2465">
    <p class='ocr_par' dir='ltr' id='par_1_2' title="bbox 1125 2452 1543 2465">
     <span class='ocr_line' id='line_1_28' title="bbox 1125 2452 1543 2465; baseline 0 1402"><span class='ocrx_word' id='word_1_181' title='bbox 1125 2452 1543 2465; x_wconf 95' lang='lat' dir='ltr'><strong> </strong></span> 
     </span>
    </p>
   </div>
   <div class='ocr_carea' id='block_1_3' title="bbox 418 2466 2295 3511">
    <p class='ocr_par' dir='ltr' id='par_1_3' title="bbox 418 2466 2295 3511">
     <span class='ocr_line' id='line_1_29' title="bbox 418 2466 2295 2590; baseline -0.001 -21"><span class='ocrx_word' id='word_1_182' title='bbox 418 2476 523 2571; x_wconf 74' lang='lat'><strong>31</strong></span> <span class='ocrx_word' id='word_1_183' title='bbox 561 2476 846 2572; x_wconf 75' lang='lat' dir='ltr'><strong>Tristia·</strong></span> <span class='ocrx_word' id='word_1_184' title='bbox 827 2530 948 2571; x_wconf 88' lang='grc'>11111</span> <span class='ocrx_word' id='word_1_185' title='bbox 967 2510 1238 2574; x_wconf 82' lang='lat' dir='ltr'><strong>redeunt</strong></span> <span class='ocrx_word' id='word_1_186' title='bbox 1255 2515 1486 2575; x_wconf 86' lang='lat' dir='ltr'><strong>iterum</strong></span> <span class='ocrx_word' id='word_1_187' title='bbox 1509 2466 1832 2590; x_wconf 78' lang='lat' dir='ltr'><strong>sollemnia</strong></span> <span class='ocrx_word' id='word_1_188' title='bbox 1856 2512 2066 2573; x_wconf 79' lang='lat' dir='ltr'><strong>nobis:</strong></span> <span class='ocrx_word' id='word_1_189' title='bbox 2188 2474 2295 2568; x_wconf 73' lang='lat'><strong>33</strong></span> 
     </span>
     <span class='ocr_line' id='line_1_30' title="bbox 643 2597 1945 2679; baseline -0.001 -21"><span class='ocrx_word' id='word_1_190' title='bbox 643 2597 910 2676; x_wconf 77' lang='lat' dir='ltr'><strong>Cynthia</strong></span> <span class='ocrx_word' id='word_1_191' title='bbox 930 2598 1050 2657; x_wconf 85' lang='lat' dir='ltr'><strong>iam</strong></span> <span class='ocrx_word' id='word_1_192' title='bbox 1071 2604 1288 2659; x_wconf 83' lang='lat' dir='ltr'><strong>noctes</strong></span> <span class='ocrx_word' id='word_1_193' title='bbox 1312 2604 1411 2659; x_wconf 89' lang='lat' dir='ltr'><strong>est</strong></span> <span class='ocrx_word' id='word_1_194' title='bbox 1432 2605 1688 2679; x_wconf 83' lang='lat' dir='ltr'><strong>operata</strong></span> <span class='ocrx_word' id='word_1_195' title='bbox 1711 2597 1945 2658; x_wconf 79' lang='lat' dir='ltr'><strong>decem.</strong></span> 
     </span>
     <span class='ocr_line' id='line_1_31' title="bbox 557 2681 2095 2762; baseline -0.005 -18"><span class='ocrx_word' id='word_1_196' title='bbox 557 2682 766 2759; x_wconf 85' lang='lat' dir='ltr'><strong>Atque</strong></span> <span class='ocrx_word' id='word_1_197' title='bbox 786 2682 1018 2741; x_wconf 85' lang='lat' dir='ltr'><strong>utinam</strong></span> <span class='ocrx_word' id='word_1_198' title='bbox 1036 2688 1278 2762; x_wconf 87' lang='lat' dir='ltr'><strong>pereat,</strong></span> <span class='ocrx_word' id='word_1_199' title='bbox 1293 2681 1438 2742; x_wconf 91' lang='lat' dir='ltr'><strong>·Nilo</strong></span> <span class='ocrx_word' id='word_1_200' title='bbox 1466 2700 1621 2761; x_wconf 84' lang='lat' dir='ltr'><strong>quae</strong></span> <span class='ocrx_word' id='word_1_201' title='bbox 1644 2688 1819 2743; x_wconf 77' lang='lat' dir='ltr'><strong>sacra</strong></span> <span class='ocrx_word' id='word_1_202' title='bbox 1838 2684 2095 2759; x_wconf 87' lang='lat' dir='ltr'><strong>tepente</strong></span> 
     </span>
     <span class='ocr_line' id='line_1_32' title="bbox 637 2765 1739 2848; baseline 0.001 -24"><span class='ocrx_word' id='word_1_203' title='bbox 637 2765 819 2848; x_wconf 84' lang='lat' dir='ltr'><strong>Misit</strong></span> <span class='ocrx_word' id='word_1_204' title='bbox 839 2766 1134 2825; x_wconf 89' lang='lat' dir='ltr'><strong>matronis</strong></span> <span class='ocrx_word' id='word_1_205' title='bbox 1155 2766 1397 2825; x_wconf 84' lang='lat' dir='ltr'><strong>Inachis</strong></span> <span class='ocrx_word' id='word_1_206' title='bbox 1416 2766 1739 2827; x_wconf 83' lang='lat' dir='ltr'><strong>Ausoniis!</strong></span> 
     </span>
     <span class='ocr_line' id='line_1_33' title="bbox 482 2844 2139 2927; baseline -0.001 -20"><span class='ocrx_word' id='word_1_207' title='bbox 482 2856 514 2907; x_wconf 88' lang='lat'>5</span> <span class='ocrx_word' id='word_1_208' title='bbox 558 2851 728 2926; x_wconf 77' lang='lat' dir='ltr'><strong>Quae</strong></span> <span class='ocrx_word' id='word_1_209' title='bbox 753 2848 870 2909; x_wconf 81' lang='lat' dir='ltr'><strong>(lea</strong></span> <span class='ocrx_word' id='word_1_210' title='bbox 892 2856 1018 2909; x_wconf 84' lang='lat' dir='ltr'><strong>tam</strong></span> <span class='ocrx_word' id='word_1_211' title='bbox 1037 2849 1293 2927; x_wconf 80' lang='lat' dir='ltr'><strong>cupidos</strong></span> <span class='ocrx_word' id='word_1_212' title='bbox 1313 2850 1547 2909; x_wconf 85' lang='lat' dir='ltr'><strong>totiens</strong></span> <span class='ocrx_word' id='word_1_213' title='bbox 1570 2848 1779 2909; x_wconf 83' lang='lat' dir='ltr'><strong>divisit</strong></span> <span class='ocrx_word' id='word_1_214' title='bbox 1800 2844 2116 2907; x_wconf 70' lang='lat' dir='ltr'><strong>amantes?</strong></span> <span class='ocrx_word' id='word_1_215' title='bbox 2130 2863 2139 2877; x_wconf 62' lang='lat'><strong>¹·</strong></span> 
     </span>
     <span class='ocr_line' id='line_1_34' title="bbox 636 2929 2011 3012; baseline -0.004 -21"><span class='ocrx_word' id='word_1_216' title='bbox 636 2932 1070 3012; x_wconf 78' lang='lat' dir='ltr'><strong>Quaecumque</strong></span> <span class='ocrx_word' id='word_1_217' title='bbox 1091 2930 1201 2992; x_wconf 86' lang='lat' dir='ltr'><strong>illa</strong></span> <span class='ocrx_word' id='word_1_218' title='bbox 1220 2933 1359 3009; x_wconf 83' lang='lat' dir='ltr'><strong>fuit,</strong></span> <span class='ocrx_word' id='word_1_219' title='bbox 1384 2935 1631 3011; x_wconf 79' lang='lat' dir='ltr'><strong>semper</strong></span> <span class='ocrx_word' id='word_1_220' title='bbox 1654 2950 1854 2989; x_wconf 80' lang='lat' dir='ltr'><strong>amara</strong></span> <span class='ocrx_word' id='word_1_221' title='bbox 1874 2929 2011 2987; x_wconf 85' lang='lat' dir='ltr'><strong>fuit.</strong></span> 
     </span>
     <span class='ocr_line' id='line_1_35' title="bbox 558 3012 1863 3091; baseline -0.005 -15"><span class='ocrx_word' id='word_1_222' title='bbox 558 3015 658 3076; x_wconf 85' lang='lat' dir='ltr'><strong>Tu</strong></span> <span class='ocrx_word' id='word_1_223' title='bbox 681 3022 855 3074; x_wconf 83' lang='lat' dir='ltr'><strong>certe</strong></span> <span class='ocrx_word' id='word_1_224' title='bbox 875 3017 1032 3076; x_wconf 88' lang='lat' dir='ltr'><strong>Iovis</strong></span> <span class='ocrx_word' id='word_1_225' title='bbox 1057 3014 1322 3091; x_wconf 80' lang='lat' dir='ltr'><strong>occultis</strong></span> <span class='ocrx_word' id='word_1_226' title='bbox 1340 3018 1407 3075; x_wconf 90' lang='lat' dir='ltr'><strong>in</strong></span> <span class='ocrx_word' id='word_1_227' title='bbox 1428 3016 1756 3089; x_wconf 81' lang='lat' dir='ltr'><strong>amoribus,</strong></span> <span class='ocrx_word' id='word_1_228' title='bbox 1777 3012 1863 3088; x_wconf 85' lang='lat' dir='ltr'><strong>Io,</strong></span> 
     </span>
     <span class='ocr_line' id='line_1_36' title="bbox 593 3097 1794 3179; baseline -0.001 -24"><span class='ocrx_word' id='word_1_229' title='bbox 593 3160 600 3165; x_wconf 60' lang='grc'>,</span> <span class='ocrx_word' id='word_1_230' title='bbox 635 3097 920 3175; x_wconf 75' lang='lat' dir='ltr'><strong>Sensisti,</strong></span> <span class='ocrx_word' id='word_1_231' title='bbox 942 3097 1166 3159; x_wconf 84' lang='lat' dir='ltr'><strong>multas</strong></span> <span class='ocrx_word' id='word_1_232' title='bbox 1190 3099 1340 3179; x_wconf 82' lang='lat' dir='ltr'><strong>quid</strong></span> <span class='ocrx_word' id='word_1_233' title='bbox 1360 3100 1445 3159; x_wconf 89' lang='lat' dir='ltr'><strong>sit</strong></span> <span class='ocrx_word' id='word_1_234' title='bbox 1466 3098 1629 3157; x_wconf 86' lang='lat' dir='ltr'><strong>inire</strong></span> <span class='ocrx_word' id='word_1_235' title='bbox 1647 3097 1794 3173; x_wconf 78' lang='lat' dir='ltr'><strong>vias,</strong></span> 
     </span>
     <span class='ocr_line' id='line_1_37' title="bbox 550 3177 1961 3262; baseline -0.004 -19"><span class='ocrx_word' id='word_1_236' title='bbox 550 3177 712 3243; x_wconf 71' lang='lat' dir='ltr'><strong>‘Cum</strong></span> <span class='ocrx_word' id='word_1_237' title='bbox 730 3187 797 3241; x_wconf 89' lang='lat' dir='ltr'><strong>te</strong></span> <span class='ocrx_word' id='word_1_238' title='bbox 817 3182 999 3241; x_wconf 87' lang='lat' dir='ltr'><strong>iussit</strong></span> <span class='ocrx_word' id='word_1_239' title='bbox 1016 3183 1250 3242; x_wconf 80' lang='lat' dir='ltr'><strong>habere</strong></span> <span class='ocrx_word' id='word_1_240' title='bbox 1271 3181 1543 3262; x_wconf 90' lang='lat' dir='ltr'><strong>puellam</strong></span> <span class='ocrx_word' id='word_1_241' title='bbox 1564 3198 1792 3240; x_wconf 84' lang='lat' dir='ltr'><strong>cornua</strong></span> <span class='ocrx_word' id='word_1_242' title='bbox 1811 3178 1961 3238; x_wconf 91' lang='lat' dir='ltr'><strong>Iuno</strong></span> 
     </span>
     <span class='ocr_line' id='line_1_38' title="bbox 452 3264 1865 3365; baseline -0.003 -39"><span class='ocrx_word' id='word_1_243' title='bbox 452 3273 520 3326; x_wconf 89' lang='lat'><strong>10</strong></span> <span class='ocrx_word' id='word_1_244' title='bbox 621 3266 722 3329; x_wconf 76' lang='lat' dir='ltr'><strong>Et</strong></span> <span class='ocrx_word' id='word_1_245' title='bbox 740 3266 989 3344; x_wconf 85' lang='lat' dir='ltr'><strong>pecoris</strong></span> <span class='ocrx_word' id='word_1_246' title='bbox 1013 3264 1168 3324; x_wconf 82' lang='lat' dir='ltr'><strong>duro</strong></span> <span class='ocrx_word' id='word_1_247' title='bbox 1187 3265 1464 3365; x_wconf 82' lang='lat' dir='ltr'><strong>perdere</strong></span> <span class='ocrx_word' id='word_1_248' title='bbox 1484 3265 1672 3323; x_wconf 80' lang='lat' dir='ltr'><strong>verba</strong></span> <span class='ocrx_word' id='word_1_249' title='bbox 1694 3282 1865 3323; x_wconf 86' lang='lat' dir='ltr'><strong>sono.</strong></span> 
     </span>
     <span class='ocr_line' id='line_1_39' title="bbox 557 3345 2009 3427; baseline -0.002 -19"><span class='ocrx_word' id='word_1_250' title='bbox 557 3349 657 3408; x_wconf 88' lang='lat' dir='ltr'><strong>Ah</strong></span> <span class='ocrx_word' id='word_1_251' title='bbox 679 3350 965 3427; x_wconf 88' lang='lat' dir='ltr'><strong>quotiens</strong></span> <span class='ocrx_word' id='word_1_252' title='bbox 989 3365 1242 3427; x_wconf 75' lang='lat' dir='ltr'><strong>quernis</strong></span> <span class='ocrx_word' id='word_1_253' title='bbox 1262 3348 1501 3409; x_wconf 87' lang='lat' dir='ltr'><strong>laesisti</strong></span> <span class='ocrx_word' id='word_1_254' title='bbox 1521 3345 1847 3407; x_wconf 84' lang='lat' dir='ltr'><strong>frondibus</strong></span> <span class='ocrx_word' id='word_1_255' title='bbox 1871 3346 2009 3406; x_wconf 82' lang='lat' dir='ltr'><strong>ora!</strong></span> 
     </span>
     <span class='ocr_line' id='line_1_40' title="bbox 636 3429 1791 3511; baseline 0.001 -20"><span class='ocrx_word' id='word_1_256' title='bbox 636 3432 926 3491; x_wconf 81' lang='lat' dir='ltr'><strong>Mansisti</strong></span> <span class='ocrx_word' id='word_1_257' title='bbox 947 3429 1204 3492; x_wconf 85' lang='lat' dir='ltr'><strong>stabulis</strong></span> <span class='ocrx_word' id='word_1_258' title='bbox 1227 3430 1435 3492; x_wconf 83' lang='lat' dir='ltr'><strong>abdita</strong></span> <span class='ocrx_word' id='word_1_259' title='bbox 1454 3436 1629 3511; x_wconf 81' lang='lat' dir='ltr'><strong>pasta</strong></span> <span class='ocrx_word' id='word_1_260' title='bbox 1651 3431 1791 3493; x_wconf 87' lang='lat' dir='ltr'><strong>tuis.</strong></span> 
     </span>
    </p>
   </div>
   <div class='ocr_carea' id='block_1_4' title="bbox 2578 0 2581 1000">
    <p class='ocr_par' dir='ltr' id='par_1_4' title="bbox 2578 0 2581 1000">
     <span class='ocr_line' id='line_1_41' title="bbox 2578 0 2581 1000; baseline 0 0"><span class='ocrx_word' id='word_1_261' title='bbox 2578 0 2581 1000; x_wconf 95' lang='lat' dir='ltr'><strong> </strong></span> 
     </span>
    </p>
   </div>
   <div class='ocr_carea' id='block_1_5' title="bbox 2578 2374 2580 3135">
    <p class='ocr_par' dir='ltr' id='par_1_5' title="bbox 2578 2374 2580 3135">
     <span class='ocr_line' id='line_1_42' title="bbox 2578 2374 2580 3135; baseline 0 0"><span class='ocrx_word' id='word_1_262' title='bbox 2578 2374 2580 3135; x_wconf 95' lang='lat' dir='ltr'><strong> </strong></span> 
     </span>
    </p>
   </div>
  </div>
 </body>
</html>
