2592 3867
391 88 532 210 ν82
1044 141 1765 206 PROPERTII

699 312 1154 389 Remorumque
1176 328 1361 389 parea
1382 309 1591 371 ducite
1616 318 1787 373 sorte
1808 314 1999 395 vices,

616 396 981 473 Iungiteque
1003 400 1280 454 extremo
1302 391 1515 453 felicia
1532 392 1729 454 lintea
1750 394 1949 457 malo:

697 480 820 539 Iam
841 477 1146 558 liquidum
1167 477 1369 537 nautis
1392 496 1539 537 aura
1558 477 1859 541 secundat
1878 482 2023 547 iter.

505 571 570 624 15
610 563 920 623 Romanae
941 568 1150 623 turres
1173 568 1240 621 et
1257 580 1367 623 vos
1386 560 1641 621 valeatis
1662 564 1863 641 amici,

701 645 1172 723 Qualiscumque
1193 644 1346 703 mihi
1365 649 1559 722 tuque
1579 644 1791 723 puella
1808 645 1965 709 vale.

609 730 778 806 Ergo
793 746 908 806 ego
923 746 1086 789 nunc
1101 726 1274 789 rudis
1287 725 1583 787 Hadriaci
1595 729 1787 790 vehar
1800 734 2089 810 aequoris
2100 736 2353 818 hospes,

693 813 894 889 Gogar
916 817 983 871 et
1003 810 1339 871 undisonos
1358 828 1522 869 nunc
1542 829 1736 890 prece
1758 812 1931 875 adire
1955 813 2124 877 deos.

607 894 850 956 Deinde
869 914 986 976 per
1006 894 1243 955 Ionium
1262 899 1477 955 vectus
1501 913 1637 955 cum
1656 895 1823 957 fessa
1842 897 2125 960 Lechaeo

501 990 572 1042 20
693 978 942 1040 Sedarit
959 976 1206 1059 placida
1223 975 1364 1039 vela
1384 976 1673 1058 phaselus
1696 998 1873 1059 aqua,

609 1062 789 1139 Quod
811 1068 1118 1143 superest,
1155 1062 1416 1123 sufferte
1436 1059 1653 1140 pedes,
1686 1072 2023 1143 properate
2043 1066 2347 1149 laborem,

685 1148 948 1207 Isthmon
971 1166 1092 1225 qua
1109 1146 1301 1205 terris
1324 1149 1497 1204 arcet
1516 1150 1843 1225 utrumque
1867 1168 2054 1213 mare.

605 1228 756 1290 Inde
778 1231 884 1289 ubi
905 1230 1114 1289 Piraei
1135 1230 1383 1307 capient
1402 1247 1501 1288 me
1522 1227 1711 1291 litora
1731 1238 1986 1311 portua,-

688 1311 986 1373 Scandam
1007 1330 1122 1390 ego
1147 1311 1434 1371 Theseae
1464 1314 1715 1375 brachia
1732 1310 1916 1393 longa
1935 1318 2087 1378 viae.

495 1406 563 1457 25
605 1396 740 1457 illie
763 1394 864 1456 vel
895 1394 1116 1456 studiis
1139 1396 1403 1455 animum
1425 1396 1756 1459 emendare
1775 1396 2054 1460 Platonis

679 1482 972 1561 Incipiam
991 1484 1096 1541 aut
1118 1480 1341 1558 hortis,
1373 1478 1555 1541 docte
1574 1482 1866 1561 Epicure,
1888 1484 2032 1562 tuis,

598 1565 950 1645 Persequar
979 1571 1083 1625 aut
1103 1562 1372 1623 studium
1390 1562 1659 1643 linguae,
1692 1566 2123 1628 Demosthenis
2147 1588 2337 1649 arma,

677 1648 1130 1729 Librorumque
1151 1655 1313 1726 tuos,
1338 1647 1520 1711 docte
1541 1650 1909 1729 Menandre,
1932 1650 2125 1726 sales3

599 1734 724 1793 Aut
747 1740 920 1794 certe
945 1731 1194 1795 tabulae
1219 1734 1466 1813 capient
1484 1752 1621 1795 mea
1636 1732 1869 1795 lumina
1886 1738 2089 1815 pictae

487 1824 556 1877 30
679 1818 822 1878 Sive
845 1821 1038 1880 ebore
1061 1822 1312 1879 exactae
1334 1836 1445 1877 seu
1464 1818 1655 1896 magis
1686 1836 1831 1879 aere
1856 1838 2098 1893 manus3

596 1902 723 1961 Aut
742 1904 938 1981 spatia
959 1920 1256 1963 annorum
1279 1906 1383 1961 aut
1403 1899 1587 1979 longa
1607 1900 1934 1963 intervalla
1954 1902 2249 1982 profundi

676 1984 988 2045 Lenibunt
1007 1986 1196 2044 tacito
1219 1982 1477 2043 vulnera
1500 1989 1711 2042 nostra
1732 1986 1901 2043 sinu:

594 2067 717 2126 Seu
739 2068 986 2141 moriar,
1010 2067 1163 2143 fato,
1193 2084 1317 2124 non
1338 2066 1506 2144 turpi
1525 2065 1757 2123 fractus
1780 2083 2009 2142 amore,

671 2150 878 2228 Atque
899 2150 1023 2209 erit
1041 2146 1152 2208 illa
1173 2148 1323 2206 mihi
1348 2148 1563 2205 mortis
1584 2148 1845 2207 honesta
1866 2146 2019 2209 dies.

447 2281 560 2371 22
587 2276 852 2390 Frigida
871 2320 996 2373 tam
1017 2311 1244 2373 multo·
1263 2312 1499 2392 placuit
1520 2316 1635 2375 tibi
1658 2315 1918 2393 Cyzicus
1946 2334 2157 2394 annos,

670 2394 880 2475 Tulle,
901 2397 1313 2478 Propontiaca
1340 2417 1458 2476 qua
1477 2400 1617 2459 fluit
1637 2398 1899 2459 Isthmos
1922 2418 2096 2477 aqua,

583 2480 943 2560 Dindymus,
965 2487 1032 2541 et
1053 2499 1262 2541 sacrae
1283 2482 1587 2543 fabricata
1605 2483 1863 2543 iuvenca
1886 2482 2195 2561 Cybebae,

663 2566 1076 2645 Raptorisque
1098 2564 1246 2625 tulit
1267 2585 1387 2644 qua
1406 2568 1503 2625 via
1522 2567 1683 2627 Ditis
1708 2585 1899 2646 equos
1916 2589 1934 2641 ;
2300 2576 2305 2581 “

507 2659 539 2709 5
585 2650 650 2710 Si
673 2657 737 2709 te
765 2650 931 2709 forte
951 2650 1160 2710 iuvant
1179 2648 1403 2709 Helles
1419 2649 1887 2711 Athamantidos
1909 2650 2115 2725 urbeS,

661 2735 719 2792 N
721 2752 794 2793 ec
816 2731 1152 2810 desiderio,
1178 2732 1385 2811 Tulle,
1406 2752 1654 2794 movere
1676 2752 1833 2795 meo.

581 2818 680 2876 Tu
700 2815 854 2877 licet
875 2818 1134 2898 aspicias
1157 2816 1393 2877 caelum
1419 2836 1598 2877 omne
1621 2816 1873 2877 Atlanta
1893 2820 2234 2893 gerentem,

661 2900 966 2980 Sectaque
985 2899 1218 2959 Persea
1235 2899 1581 2960 Phorcidos
1604 2918 1714 2959 ora
1733 2917 1933 2973 manu,

579 2982 906 3059 Geryonae
929 2982 1170 3043 stabula
1191 2988 1258 3042 et
1275 2980 1615 3043 luctantum
1636 2984 1703 3044 in
1722 2978 1980 3060 pulvere
2004 2981 2179 3057 signa

475 3071 536 3125 ιο
654 3064 944 3123 Herculis
966 3067 1315 3145 Antaeique
1336 3063 1875 3145 Hesperidumque
1902 3064 2147 3141 choroS,

577 3147 799 3225 Tuque
821 3152 928 3206 tuo
953 3147 1252 3209 Colchum
1271 3149 1585 3229 propellas
1610 3148 1845 3225 remige
1868 3146 2117 3223 Phasin,

651 3228 1059 3308 Peliacaeque
1081 3232 1273 3292 trabis
1295 3238 1493 3292 totum
1512 3233 1635 3291 iter
1653 3232 1791 3311 ipse
1811 3229 2007 3309 legas,

574 3315 707 3389 Qua
727 3312 900 3372 rudis
922 3314 1128 3391 Argoa
1149 3321 1320 3374 natat
1340 3316 1507 3375 inter
1534 3328 1675 3373 saxa
1698 3312 1978 3375 columba

649 3395 720 3453 In
739 3396 961 3457 faciem
979 3415 1205 3475 prorae
1225 3398 1407 3476 pinus
1430 3396 1643 3459 adacta
1664 3416 1880 3473 novae,
