2592 3867
441 178 528 243 42
1039 170 1773 235 PROPERTII

611 345 756 406 Sive
777 344 916 422 vagi
937 342 1146 402 crines
1166 342 1342 421 puris
1364 341 1431 401 in
1450 340 1765 403 frontibus
1787 349 2025 422 errant,

499 440 570 492 10
690 427 901 489 Indica
923 445 1077 506 quo·
1099 424 1307 485 medio
1332 425 1572 485 vertice
1596 442 1835 503 gemma
1854 431 2054 491 tenet.

610 514 780 590 Quae
803 513 857 571 si
877 511 1046 571 forte
1071 507 1305 589 aliquid
1324 506 1500 569 vultu
1519 509 1671 569 mihi
1695 508 1850 570 dura
1870 518 2151 592 negarat,

684 594 943 674 Frigida
964 593 1046 654 de
1068 600 1202 659 tota
1221 593 1434 653 fronte
1458 591 1721 654 cadebat
1740 613 1919 673 aqua.

608 681 892 757 Quaeris,
914 678 1343 758 Demophoon,
1367 696 1478 736 cur
1500 678 1617 738 sim
1636 683 1763 737 tam
1785 676 1993 739 mollis
2012 682 2080 740 in
2102 684 2366 746 omnes?

693 761 875 840 Quod
903 762 1151 840 quaeris
1173 762 1381 838 Quare
1402 778 1531 820 non
1550 762 1743 823 habet
1763 760 1927 823 ullu·
1951 783 2140 828 amor.

499 856 566 909 1⁵
609 848 737 908 Gur
763 844 986 926 aliquis
1010 846 1202 905 sacris
1223 844 1418 905 laniat
1439 864 1547 905 sua
1567 846 1825 906 brachia
1846 847 2063 909 cultris

682 931 767 992 Et
787 930 1057 1009 Phrygis
1071 931 1335 989 §nsanos
1359 928 1641 990 caeditur
1664 929 1744 989 ad
1763 950 2053 993 numeros
2066 933 2100 993 ’ἔ

599 1015 952 1092 Unicquue
977 1012 1154 1074 dedit
1174 1014 1392 1073 vitium
1412 1019 1635 1073 natura
1658 1020 1902 1079 creato:

683 1098 779 1159 Mi
807 1098 1060 1158 fortuna
1082 1096 1319 1177 aliquid
1338 1115 1589 1177 semper
1611 1116 1817 1160 amare
1844 1097 2049 1160 dedit:

600 1183 710 1243 Me
731 1180 886 1241 licet
907 1188 975 1242 et
997 1180 1351 1260 Thamyrae
1374 1184 1647 1243 cantoris
1668 1181 1798 1243 fata
1819 1188 2177 1261 sequantur,

494 1277 565 1328 20
689 1265 1034 1344 Numquam
1064 1263 1142 1324 ad
1163 1265 1489 1343 formosas,
1513 1264 1990 1343 invide„caeeus
2010 1285 2156 1331 ero..

602 1348 730 1408 Sed
749 1350 868 1408 tibi
893 1350 946 1407 si
973 1346 1172 1409 exiles
1193 1348 1413 1409 videor
1432 1355 1721 1409 tenuatus
1742 1350 1808 1409 in
1832 1355 2023 1427 artua,

680 1429 982 1493 Falleris:
1025 1431 1190 1492 haud
1221 1452 1507 1512 umquam
1529 1439 1629 1494 est
1650 1430 1818 1494 culta
1835 1431 2055 1493 labore
2077 1433 2293 1496 Venus

595 1516 983 1576 Percontere
1004 1513 1192 1578 licet:
1225 1536 1414 1598 saepe
1436 1523 1535 1579 est
1556 1523 1813 1596 experta
1834 1514 2047 1598 puella

682 1600 972 1661 Officium
992 1606 1126 1661 tota
1145 1607 1334 1662 nocte
1355 1600 1566 1663 valere
1594 1618 1817 1685 meum.

489 1692 560 1746 25
600 1683 881 1765 luppiter
901 1683 1238 1749 Alcmenae
1261 1688 1535 1765 geminas
1557 1687 1956 1766 requieverat
1975 1686 2203 1747 Arctos

678 1769 764 1830 Et
786 1768 1028 1831 caelum
1047 1778 1238 1832 noctu
1258 1772 1357 1832 bis
1380 1773 1516 1832 sine
1537 1789 1690 1849 rege
1710 1771 1855 1851 fuit,
1974 1808 1981 1815 -

593 1852 650 1912 N
653 1870 724 1914 ec
746 1859 956 1917 tamen
976 1854 1212 1916 idcirco
1235 1853 1537 1933 languens
1561 1854 1641 1914 ad
1659 1854 1923 1917 fulmina
1945 1854 2147 1917 venit:

676 1936 894 2012 Nullus
919 1960 1089 1999 amor
1108 1942 1274 1999 vires
1297 1941 1490 2017 eripit
1510 1940 1648 2018 ipse
1670 1958 1829 2000 suae.

596 2020 804 2096 Quid?
825 2024 983 2080 'cum
1006 2039 1042 2078 e
1065 2019 1392 2098 complexu
1414 2020 1734 2079 Briseidos
1755 2024 1884 2079 iret
1906 2018 2207 2098 Achilles,

487 2111 558 2164 30
677 2099 836 2160 Num
856 2103 1077 2178 fugere
1100 2104 1301 2161 minus
1327 2099 1633 2161 Thessala
1655 2100 1784 2160 tela
1809 2102 2140 2179 Phryges?

593 2183 756 2261 Quid
769 2183 801 2241 ’ἒ
875 2185 1048 2244 ferus
1105 2183 1577 2245 Andromachae
1634 2183 1806 2243 lecto
1863 2203 2002 2245 cum
2055 2193 2349 2266 surgeret

1552 2267 1815 2345 Hector,

671 2346 848 2409 Bella
868 2349 1248 2429 Mycenaeae
1275 2369 1403 2409 non
1423 2351 1691 2413 timuere
1713 2357 1882 2411 rates
1896 2353 1929 2412 ’ἒ

587 2429 703 2493 me
723 2432 826 2493 vel
845 2434 948 2493 hic
971 2432 1204 2495 classes
1225 2440 1478 2515 poterat
1496 2433 1600 2496 vel
1618 2433 1894 2516 perdere
1918 2455 2145 2500 muros,

667 2516 789 2579 Hic
817 2536 933 2597 ego
956 2515 1234 2597 Pelides,
1259 2519 1364 2579 hic
1385 2519 1561 2581 ferus
1582 2521 1826 2581 Hector
1848 2539 1982 2599 ego.

457 2676 460 2679 ⁴
480 2608 550 2663 35
591 2602 844 2683 Aspice,
870 2604 963 2662 uti
986 2601 1162 2663 caelo
1184 2602 1369 2664 modo
1394 2603 1490 2665 nol
1510 2603 1693 2665 modo
1713 2602 1861 2665 luna
1882 2606 2226 2667 ministret:

652 2687 774 2761 ,Βία
799 2688 986 2750 etiam
1005 2688 1186 2748 nobi·
1209 2707 1331 2748 una
1350 2686 1564 2769 puella
1583 2708 1802 2770 parum
1824 2696 1939 2752 est.

587 2768 809 2831 Altera
835 2790 934 2831 me
959 2770 1200 2851 cupidis
1221 2777 1439 2832 teneat
1459 2774 1791 2851 foveatque
1811 2772 2089 2851 lacerti8‚

668 2853 889 2915 Altera
909 2856 963 2915 si
988 2852 1230 2935 quando
1254 2874 1381 2915 non
1404 2857 1554 2917 sinit
1576 2876 1716 2917 ense
1739 2856 1964 2934 locum,

584 2938 713 2997 Aut
733 2939 786 2997 ui
805 2940 974 2998 forte
996 2940 1156 2998 irata
1171 2956 1313 2999 meo
1336 2940 1418 2999 sit
1436 2940 1602 3000 facta
1622 2940 1927 3016 ministro,

475 3026 548 3081 4⁰
671 3019 759 3079 Ut
779 3022 935 3081 sciat
957 3041 1095 3082 esne
1119 3021 1319 3101 aliam,
1344 3042 1501 3102 quae
1522 3022 1677 3084 velit
1698 3039 1837 3081 ense
1859 3038 2013 3082 mea.

553 3119 557 3124 ·
583 3102 641 3163 N
642 3120 737 3162 am
759 3102 979 3163 melius
1002 3104 1124 3166 duo
1147 3105 1496 3167 defendunt
1516 3103 1861 3167 retinacula
1882 3104 2107 3183 navim,

667 3186 890 3246 Tutius
914 3192 981 3246 et
1003 3190 1280 3265 geminos
1304 3192 1480 3250 anxia
1500 3196 1699 3251 mater
1720 3186 1863 3249 alit.-

444 3317 488 3408 1
502 3316 554 3410 6
584 3312 718 3412 Aut
739 3354 884 3411 sies
907 3352 1079 3431 dura,
1103 3371 1291 3430 nega:
1339 3357 1435 3414 sin
1457 3375 1526 3416 en
1549 3375 1675 3416 non
1698 3355 1872 3436 dura,
1892 3358 2123 3419 venito.

664 3432 828 3512 Quid
846 3437 1014 3497 iuvat
1035 3438 1100 3495 in
1120 3434 1296 3496 nullo
1319 3456 1558 3517 ponere
1579 3440 1772 3500 verba
1791 3438 1935 3502 loco
1949 3441 1983 3501 ‘3
