2592 3867
772 216 816 275 L
857 216 884 275 ι
928 216 974 276 Β
1014 216 1064 277 Ε
1106 217 1158 277 R
1240 216 1347 295 111,
1391 227 1479 297 26,
1519 226 1607 298 27,
1649 229 1735 284 28.
2126 223 2207 289 51

550 380 722 460 Visa,
744 398 950 460 neque
971 383 1208 441 ostrina
1229 402 1367 441 cum
1385 383 1506 443 fuit
1526 384 1592 441 in
1611 388 1839 464 tunica,

466 464 602 525 Ibat
624 470 692 523 et
709 465 858 523 hinc
878 470 1082 523 castae
1102 472 1417 525 narratum
1439 467 1672 525 somnia
1696 468 1947 548 Vestae,

545 547 684 607 Neu
705 548 824 609 sibi
845 566 1001 607 neve
1027 549 1176 607 mihi
1201 566 1357 626 quae
1377 551 1661 609 nocitura
1680 551 1919 613 forent:

467 629 646 690 Talis
665 633 793 690 visa
813 632 966 689 mihi
985 649 1196 690 somno
1227 630 1476 691 dimissa
1496 635 1755 694 recenti.

354 720 430 775 30
550 714 693 774 IIeu
714 721 1004 793 quantum
1024 732 1142 793 per
1165 732 1234 773 se
1257 714 1519 775 candida
1537 716 1737 776 forma
1757 718 1952 779 valet!

463 796 621 873 ‘Quo
642 803 713 857 tu
734 800 1111 875 matutinus,’
1137 799 1243 875 ait,
1267 797 1647 877 ‘speculator
1668 803 1899 861 amicae
1912 802 1944 859 ’ἒ

537 881 646 944 Me
671 881 936 941 similem
953 882 1180 941 vestris
1201 883 1474 942 moribus
1502 901 1641 942 esse
1660 891 1841 964 putas
1853 885 1885 943 ‘3

455 962 596 1024 Non
619 982 735 1042 ego
757 972 882 1023 tam
903 962 1136 1031 facilis:
1181 970 1277 1022 sat
1297 965 1421 1023 erit
1441 966 1592 1025 mihi
1616 969 1896 1044 cognitus
1916 988 2093 1049 unus,

541 1045 664 1109 Vel
686 1052 755 1106 tu
773 1045 876 1106 vel
896 1047 950 1105 si
977 1047 1113 1124 quis
1134 1047 1343 1105 verior
1366 1065 1506 1108 esse
1526 1055 1754 1127 potest.

353 1139 422 1192 35
463 1130 792 1210 Apparent
811 1147 935 1189 non
956 1128 1085 1188 ulla
1105 1136 1245 1188 toro
1267 1132 1530 1209 vestigia
1548 1150 1789 1210 presso,

541 1213 729 1291 Signa
747 1212 1103 1292 voluptatis,
1125 1232 1244 1272 nec
1265 1214 1529 1273 iacuisse
1553 1214 1725 1277 duos,

454 1297 706 1377 Aspice,
728 1303 798 1357 ut
816 1298 883 1356 in
901 1302 1037 1356 toto
1059 1294 1262 1356 nullus
1283 1297 1437 1355 mihi
1458 1316 1723 1377 corpore
1745 1305 1954 1377 surgat

535 1380 804 1461 Spiritus
827 1379 1091 1440 admisso
1112 1386 1296 1440 notus
1320 1378 1677 1442 adulterio?

451 1464 642 1543 Dixit,
667 1471 734 1524 et
755 1466 1040 1545 opposita
1058 1460 1425 1544 propellens
1449 1466 1613 1525 savia
1634 1464 1851 1527 dextra

343 1555 415 1609 40
530 1546 794 1608 Prosilit
815 1549 880 1607 in
900 1547 1037 1607 laxa
1058 1548 1197 1605 nixa
1217 1546 1446 1626 pedem
1468 1547 1655 1609 solea.

453 1630 558 1691 Sic
582 1648 697 1708 ego
719 1637 844 1689 tam
865 1631 1062 1689 sancti
1085 1629 1345 1689 custode
1366 1629 1661 1691 recludor
1683 1633 1938 1693 amoris:

531 1714 627 1773 Ex
647 1711 757 1771 illo
779 1710 932 1771 felix
954 1730 1078 1770 nox
1095 1712 1246 1769 mihi
1267 1709 1439 1770 nulla
1460 1712 1595 1772 fuit.

305 1844 421 1940 28
455 1844 597 1949 Quo
632 1879 797 1960 fugi·
825 1879 904 1937 ah
927 1877 1226 1938 demens?
1268 1876 1443 1938 nulla
1465 1884 1561 1939 est
1581 1880 1754 1957 fuga:
1795 1886 1863 1939 tu
1880 1878 2032 1941 licet
2079 1845 2193 1939 30

1413 1981 1485 2023 us
1530 1981 1608 2023 ue

528 2046 630 2109 Ad
654 2041 894 2107 Tanain
913 2047 1135 2125 fugias,
1155 2064 1354 2125 usque
1380 1983 1677 2126 seqzetur
1698 2048 1907 2110 Amor..

347 2123 365 2144 ¹
447 2132 586 2192 Non
610 2133 662 2191 si
683 2131 960 2209 Pegaseo
983 2131 1253 2190 vecteris
1275 2131 1342 2189 in
1366 2148 1511 2191 aere
1539 2129 1747 2207 dorso,

529 2214 660 2274 Nec
681 2216 798 2275 tibi
819 2216 872 2275 si
892 2214 1114 2275 Persei
1135 2215 1401 2274 moverit
1422 2208 1521 2274 asa
1540 2214 1759 2293 pedes,

372 2310 406 2360 5
447 2296 570 2360 Vel
592 2300 644 2358 ni
666 2304 731 2359 te
755 2304 962 2358 sectae
984 2298 1230 2378 rapiant
1248 2296 1549 2359 talaribus
1572 2316 1778 2376 aurae,

527 2382 632 2443 Nil
651 2382 768 2443 tibi
789 2382 1096 2443 Mercurii
1114 2380 1404 2461 proderit
1422 2380 1549 2443 alta
1566 2384 1681 2443 via.
1943 2444 1947 2447 ,

443 2465 639 2525 Instat
661 2484 908 2543 semper
929 2466 1120 2524 Amor
1144 2484 1330 2543 supra
1353 2472 1555 2545 caput,
1578 2467 1771 2525 instat
1790 2468 2015 2527 amanti

526 2548 612 2608 Et
633 2548 832 2623 gravis
851 2549 988 2625 ipse
1013 2564 1199 2624 nuper
1217 2544 1421 2605 libera
1442 2546 1607 2605 colla
1627 2546 1827 2608 sedet.

442 2630 722 2692 Excubat
747 2627 862 2687 ine
886 2646 1029 2687 acer
1051 2635 1256 2686 custos
1277 2633 1345 2686 et
1363 2626 1597 2687 tollere
1616 2647 1944 2706 numquam

339 2724 409 2777 10
529 2713 627 2772 Te
647 2713 922 2792 patietur
943 2712 1126 2772 humo
1149 2709 1379 2770 lumina
1403 2717 1579 2791 capta
1601 2708 1815 2773 semel.

443 2798 528 2857 Et
549 2798 668 2855 iam
690 2797 744 2855 si
763 2812 1010 2876 peccet,
1034 2793 1186 2854 deus
1210 2794 1542 2855 exorabilis
1562 2793 1673 2855 ille
1696 2800 1813 2872 est,

525 2880 593 2939 Si
617 2878 799 2940 m'odo
819 2880 1168 2958 praesenti·
1188 2877 1421 2939 viderit
1440 2897 1579 2939 esse
1600 2895 1843 2958 preces.

443 2964 566 3024 Ista
590 2980 772 3023 senes
791 2962 945 3023 lieet
967 2969 1257 3023 accusent
1279 2963 1553 3022 convivia
1574 2961 1747 3022 duri:

523 3048 650 3110 Non
670 3046 854 3107 modo
876 3048 1280 3126 propositum,
1302 3048 1448 3123 vita,
1470 3053 1741 3107 teramus
1761 3046 1902 3106 iter.

337 3138 405 3193 15
446 3129 700 3193 Illorum
721 3131 988 3209 antiquis
1012 3135 1351 3189 onerentur
1370 3128 1612 3207 legibus
1636 3148 1847 3190 aures:

521 3216 642 3274 Hic
663 3213 836 3276 locus
858 3220 974 3291 est,
1000 3213 1066 3271 in
1089 3231 1230 3291 quo,
1251 3214 1405 3273 tibia
1428 3210 1629 3290 docta,
1650 3232 1857 3289 sones,

445 3298 616 3374 Quae
645 3316 768 3357 non
793 3300 930 3358 iure
950 3294 1106 3356 vado
1131 3296 1458 3357 Maeandri
1478 3298 1639 3357 iacta
1657 3296 1904 3370 natasti,

526 3380 762 3460 Turpia
783 3400 919 3441 cum
939 3382 1180 3440 faceret
1198 3378 1471 3440 Palladis
1494 3400 1602 3439 ora
1620 3386 1844 3439 tumor.

441 3464 600 3527 Num
621 3466 762 3543 iam,
786 3463 958 3543 dura,
980 3462 1159 3543 paras
1180 3463 1483 3542 Phrygias
1504 3481 1665 3522 nunc
1686 3464 1783 3599 {rs
1805 3476 1921 3536 per
1942 3455 2137 3516 undu
