2592 3867
777 210 1162 273 LIBER
1247 211 1549 293 III‚6‚7.
2038 214 2123 281 35

299 387 334 441 5
372 376 528 441 Nam
547 376 730 439 modo
753 376 998 437 nudatis
1021 396 1260 437 mecum
1281 385 1379 439 est
1395 377 1627 440 luctata
1645 378 1927 461 papillis,

455 459 778 523 Interdum
795 462 1007 520 tunica
1029 460 1202 521 duxit
1223 469 1443 541 operta
1462 482 1711 525 moram.

375 544 490 607 llla
505 561 679 605 meos
703 562 916 605 somno
936 544 1144 623 lapsos
1161 545 1464 625 patefecit
1484 544 1721 607 ocellos

460 628 588 689 Ore
612 646 721 687 suo
746 633 814 687 et
831 626 988 687 dixit
1009 628 1250 706 ‘sicine‚
1269 625 1469 706 lente,
1489 630 1657 689 iaces
1671 630 1726 689 ‘3’

380 713 572 789 Quam
594 713 764 771 vario
787 709 1072 789 amplexu
1097 717 1399 772 mutamus
1420 713 1705 773 brachia!
1748 719 2041 793 quantum

267 805 337 858 10
460 794 686 857 Oscula
709 800 853 855 sunt
869 793 1065 856 labris
1085 802 1303 856 nostra
1321 802 1559 857 morata
1578 798 1734 857 tuis!

371 880 428 941 N
429 883 509 939 on
529 881 697 940 iuvat
715 880 783 939 in
805 897 988 940 caeco
1011 880 1327 941 Venerem
1350 898 1752 960 corrumpere
1774 888 1975 942 motu:

455 964 522 1024 Si
540 964 768 1041 nescis,
791 961 958 1022 oculi
979 968 1122 1023 sunt
1139 965 1208 1022 in
1230 982 1439 1023 amore
1462 962 1669 1025 duces.

376 1049 515 1127 Ipse
537 1047 714 1107 Paris
739 1044 904 1105 nuda
921 1047 1126 1106 fertur
1145 1048 1411 1126 periisse
1434 1045 1733 1124 Lacaena,

456 1130 610 1191 Cum
632 1128 961 1190 Menelaeo
987 1137 1274 1207 surgeret
1296 1149 1333 1190 e
1356 1130 1643 1208 thalamo,

266 1221 334 1275 15
375 1213 589 1275 Nudus
613 1219 681 1273 et
697 1212 1047 1292 Endymion
1069 1214 1311 1274 Phoebi
1332 1214 1575 1293 cepisse
1598 1231 1877 1275 sororem

454 1299 697 1359 Dicitur
719 1302 787 1357 et
804 1296 1006 1357 nudae
1031 1298 1437 1359 concubuisse
1461 1296 1635 1359 deae.

374 1381 553 1459 Quod
578 1382 632 1441 si
650 1381 1036 1461 pertendens
1059 1382 1260 1442 animo
1283 1382 1507 1442 vestita
1530 1382 1794 1460 cubaris‚

451 1464 656 1525 Scissa
675 1470 852 1525 veste
874 1484 1042 1526 meas
1063 1467 1393 1545 experiere
1415 1483 1659 1525 manus:

371 1549 533 1626 Quin
554 1551 761 1627 etiam,
785 1550 838 1609 si
859 1568 960 1610 me
980 1548 1244 1609 ulterius
1267 1550 1625 1628 provexerit
1644 1550 1759 1627 ira,

259 1642 333 1696 20
456 1632 765 1693 Ostendes
789 1634 974 1692 matri
991 1634 1246 1692 brachia
1263 1632 1434 1691 laesa
1452 1638 1615 1693 tuae.

244 1754 249 1757 -
367 1714 647 1777 Necdum
665 1713 998 1774 inclinatae
1017 1715 1359 1793 prohibent
1376 1720 1443 1773 te
1465 1712 1688 1775 ludere
1710 1732 2033 1778 mammae:

450 1797 703 1861 Viderit
723 1797 899 1875 haec,
927 1799 982 1857 si
1005 1816 1184 1876 quam
1204 1798 1327 1857 iam
1346 1799 1670 1877 peperisse
1691 1796 1905 1876 pudet.

366 1883 528 1943 Dum
544 1901 658 1941 nos
681 1882 806 1943 fata
827 1879 1056 1958 sinunt,
1083 1878 1298 1941 oeulos
1319 1882 1609 1942 satiemus
1632 1898 1872 1941 amore:

445 1964 582 2028 Nox
600 1966 719 2026 tibi
742 1963 931 2043 longa
950 1966 1122 2025 venit
1141 1982 1260 2038 nec
1282 1962 1565 2025 reditura
1589 1962 1743 2024 dies.

255 2060 326 2113 25
367 2051 576 2130 Atque
595 2050 828 2109 utinam
849 2050 1184 2109 haerentes
1207 2050 1296 2108 sic
1319 2067 1433 2108 nos
1454 2049 1689 2108 vincire
1717 2053 1934 2109 catena
2033 2046 2038 2051 ’

446 2132 685 2211 Velles,
710 2139 778 2194 ut
797 2152 1127 2212 numquam
1149 2130 1425 2193 solveret
1442 2130 1571 2192 ulla
1592 2130 1758 2192 dies!

361 2215 660 2298 Exemplo
684 2219 930 2277 iunctae
951 2218 1070 2277 tibi
1095 2217 1307 2277 sintin
1328 2235 1536 2277 amore
1558 2214 1901 2294 columbae,

444 2300 756 2362 Masculus
779 2307 847 2361 et
865 2305 1065 2361 totum
1085 2300 1318 2361 femina
1342 2300 1709 2379 coniugium.

362 2386 570 2463 Errat,
602 2388 706 2464 qui
727 2387 916 2446 finem
933 2386 1144 2445 vesani
1172 2386 1417 2463 quaerit
1438 2384 1696 2445 amoris:

253 2480 327 2534 30
446 2469 649 2531 Verus
671 2488 841 2529 amor
861 2468 1102 2529 nullum
1122 2456 1294 2528 novit
1314 2468 1548 2529 habere
1571 2466 1836 2527 modum.

365 2553 570 2613 Terra
586 2553 760 2629 prius
781 2550 938 2610 falso
959 2557 1144 2629 partu
1163 2547 1428 2609 deludet
1449 2556 1717 2623 arantes,

440 2634 526 2696 Et
547 2633 729 2693 eitius
751 2634 963 2709 nigros
987 2632 1096 2692 Sol
1119 2632 1377 2707 agitabit
1397 2647 1613 2708 equos,

357 2716 766 2798 Fluminaque
789 2714 867 2775 ad
889 2720 1072 2796 caput
1091 2714 1394 2794 incipient
1414 2730 1709 2773 revocare
1731 2710 2027 2793 liquores,

250 2850 258 2857 .
442 2799 673 2862 Aridus
697 2806 764 2859 et
783 2801 947 2860 sicco
972 2799 1216 2877 gurgite
1235 2798 1425 2879 piscis
1450 2797 1593 2873 erit,

251 2896 320 2950 35
365 2887 558 2963 Quam
580 2886 812 2965 possim
834 2889 1082 2944 nostros
1105 2880 1223 2943 alio
1247 2882 1595 2942 transferre
1618 2876 1903 2941 dolores:

438 2970 638 3029 Huius
660 2987 768 3029 ero
789 2970 982 3045 vium,
1005 2972 1284 3027 mortuus
1306 2967 1489 3026 huius
1512 2973 1641 3025 er'o.
1837 2964 1844 2970 ’

362 3052 541 3131 Quod
562 3054 713 3113 mihi
739 3054 794 3113 si
819 3070 1028 3112 secum
1047 3049 1208 3110 tales
1233 3045 1582 3109 concedere
1605 3053 1821 3109 noctes

438 3134 556 3199 Illa
575 3134 750 3215 velit,
773 3138 938 3197 vitae
956 3133 1180 3213 longus
1203 3139 1272 3194 et
1291 3152 1486 3195 annus
1506 3134 1661 3193 erit:

359 3222 426 3281 Si
453 3220 624 3280 dabit
642 3221 800 3281 haec
819 3221 1060 3297 multaS,
1087 3218 1230 3278 fiam
1249 3214 1597 3279 inmortalis
1616 3218 1685 3277 in
1704 3214 1867 3277 illi-2

250 3312 324 3369 40
444 3304 644 3363 Nocte
666 3324 792 3388 pua
814 3306 1010 3384 quivis
1031 3299 1134 3363 vel
1157 3300 1311 3362 deus
1332 3320 1471 3363 esse
1490 3306 1718 3382 potest.

363 3387 620 3465 Qualem
643 3388 694 3447 si
718 3390 923 3448 cuncti
947 3392 1252 3467 cuperent
1273 3385 1614 3447 decurrere
1635 3384 1823 3445 vitam

437 3472 522 3534 Et
542 3473 746 3553 pressi
767 3470 960 3533 multo
985 3472 1261 3532 membra
1277 3471 1487 3531 iacere
1509 3485 1705 3606 megq3
