2592 3867
461 207 547 273 28
1056 202 1784 268 PROPERTH

548 402 604 497 8
633 401 929 518 Erlpitur
947 440 1130 501 nobis
1151 439 1274 499 iam
1291 436 1538 517 pridem
1560 454 1703 496 cara
1720 432 1950 514 puella,

709 522 796 583 Et
814 528 886 583 tu
903 540 1004 584 me
1025 521 1315 584 lacrimas
1331 519 1622 597 fundere,
1649 519 1865 596 amice,
1888 525 2075 580 vetas.

631 604 856 667 Nullae
880 612 1026 668 sunt
1045 604 1408 665 Inimicitiae
1426 604 1549 662 nisi
1571 604 1797 661 amoris
1820 604 2115 663 acerbae:

715 690 920 769 Ipsum
941 685 1290 766 meiugula,
1317 684 1525 747 lenior
1546 685 1746 745 hostis
1772 702 1902 744 ero.

552 784 586 834 5
628 772 888 833 Possum
909 790 1026 851 ego
1048 772 1117 833 in
1138 769 1395 832 alterius
1414 769 1681 851 positam
1704 773 1990 848 spectare
2012 767 2255 831 lacerto
2269 770 2307 829 ’Ξ

711 856 843 916 Nec
861 873 1000 917 mea
1021 853 1289 934 dicetur,
1314 872 1471 934 quae
1494 851 1678 915 modo
1704 851 1871 914 dicta
1890 870 2029 914 mea
2052 852 2197 913 est?

631 941 850 1002 Omnia
873 946 1233 1005 vertuntur:
1279 945 1454 999 certe
1477 943 1805 998 vertuntur
1828 956 2099 998 amores:

709 1025 1002 1087 Vinceris
1027 1029 1132 1085 aut
1151 1024 1348 1085 vinci·
1364 1065 1383 1100 ,
1427 1023 1583 1083 haec
1602 1022 1671 1081 in
1694 1039 1902 1082 amore
1922 1028 2065 1082 rota
2084 1027 2197 1082 est.
2288 1066 2295 1077 ,

630 1110 847 1189 Magni
869 1127 1057 1191 saepe
1080 1107 1292 1185 duces,
1318 1107 1520 1186 magni
1542 1105 1833 1166 cecidere
1854 1106 2123 1186 tyranni,

521 1201 594 1255 10
713 1196 801 1255 Et
822 1193 1082 1254 Thebae
1104 1195 1424 1252 steterunt
1445 1187 1695 1268 altaque
1720 1189 1915 1249 Troia
1935 1191 2073 1252 fuit.

629 1278 898 1336 Munera
921 1280 1150 1354 quanta
1171 1272 1321 1333 dedi
1346 1269 1449 1330 vel
1474 1270 1676 1350 qualia
1700 1274 1972 1332 carmina
1992 1272 2151 1334 feci!

712 1356 822 1420 Illa
849 1365 1059 1419 tamen
1077 1374 1407 1435 numquam
1431 1354 1643 1413 ferrea
1666 1353 1821 1415 dixit
1841 1356 2015 1417 Amo.

630 1485 802 1563 Ergo
824 1486 944 1545 iam
965 1482 1194 1545 multos
1215 1484 1471 1545 nimium
1492 1484 1859 1543 temerarius
1883 1502 2095 1563 annos,

712 1568 1017 1649 Improba,
1042 1569 1149 1648 qui
1171 1567 1424 1629 tulerim
1448 1573 1640 1648 teque
1662 1574 1952 1647 tuamque
1976 1567 2238 1631 domum.

527 1703 596 1757 1⁵
637 1695 1063 1777 Ecquandone
1085 1698 1206 1759 tibi
1227 1696 1393 1759 liber
1418 1716 1551 1757 sum
1572 1695 1784 1757 visus?
1829 1716 1907 1755 an
1924 1715 2118 1776 usque

715 1781 790 1842 In
815 1788 1098 1843 nostrum
1115 1783 1307 1844 iacies
1326 1782 1517 1842 verba
1541 1782 1809 1862 superba
1831 1780 2058 1861 caput?

634 1911 740 1971 Sic
759 1912 951 1989 igitur
973 1913 1172 1991 prima
1191 1914 1463 1973 moriere
1489 1918 1715 1989 aetate,
1736 1909 2077 1989 Properti?

713 1992 844 2053 Sed
861 2012 1131 2071 morere,
1153 1997 1415 2054 interitu
1435 1993 1699 2071 gaudeat
1717 1992 1826 2053 illa
1847 1999 1972 2052 tuo.

629 2078 918 2152 Exagitet
938 2082 1188 2135 nostros
1211 2078 1453 2152 Manes,
1478 2082 1755 2136 sectetur
1777 2080 1844 2133 et
1863 2075 2131 2151 umbras,

521 2168 594 2221 20
714 2156 1105 2237 Insultetque
1127 2160 1325 2237 rogis5
1348 2158 1545 2219 calcet
1567 2163 1634 2218 et
1656 2177 1796 2218 ossa
1815 2176 1969 2220 mea.

638 2240 847 2318 Quid?
887 2261 1016 2301 non
1034 2242 1380 2321 Antigones
1405 2241 1637 2303 tumulo
1660 2243 1956 2303 Boeotius
1978 2240 2259 2303 Haemon

714 2324 970 2385 Corruit
993 2326 1131 2405 ipse
1153 2344 1262 2385 suo
1289 2326 1530 2387 saucius
1556 2344 1706 2387 ense
1728 2324 1891 2387 latus

627 2408 714 2469 Et
732 2427 842 2468 sua
865 2427 1004 2469 cum
1024 2409 1291 2485 miserae
1311 2410 1677 2490 permiscuit
1697 2429 1836 2472 ossa
1855 2409 2123 2490 puellae,

713 2492 1008 2569 Qursine
1032 2494 1394 2555 Thebanam
1414 2492 1615 2555 noluit
1634 2494 1732 2555 ire
1757 2492 2001 2555 domum
2015 2494 2047 2552 22

519 2627 589 2681 25
633 2618 764 2681 Sed
781 2640 912 2683 non
936 2622 1230 2701 effugies:
1275 2640 1516 2682 mecum
1537 2623 1821 2683 moriaris
1846 2626 2125 2702 oportet:

707 2706 848 2767 Hoc
872 2705 1094 2767 eodem
1116 2707 1288 2766 ferro
1314 2705 1513 2768 stillet
1536 2712 1803 2787 uterque
1826 2726 2027 2767 cruor.

627 2790 914 2867 Quamvis
934 2792 1056 2850 ista
1074 2791 1225 2849 mihi
1249 2810 1417 2850 mors
1440 2797 1538 2850 est
1556 2790 1887 2851 inhonesta
1907 2792 2134 2866 futura,

707 2874 886 2937 Mors
904 2875 1238 2935 inhonesta
1259 2872 1531 2952 quidem,
1561 2880 1631 2933 tu
1652 2876 1922 2933 moriere
1943 2879 2171 2932 tamen.
2236 2928 2241 2933 .

623 2956 740 3017 Ille
763 2961 950 3019 etiam
971 2959 1232 3039 abrepta
1251 2957 1538 3019 desertus
1565 2958 1824 3035 coniuge
1847 2953 2125 3016 Achilles

516 3048 589 3104 ³0
709 3041 976 3103 Cessare
996 3043 1063 3103 in
1085 3044 1272 3103 tectis
1293 3041 1556 3122 pertulit
1578 3061 1745 3101 arma
1765 3060 1889 3101 sua.

628 3122 894 3187 Viderat
912 3123 1022 3184 ille
1045 3124 1191 3202 fuga
1210 3126 1444 3187 fractos
1465 3127 1531 3185 in
1553 3124 1743 3185 litore
1763 3124 2053 3200 Achivos,

705 3206 988 3269 Fervcre
1009 3214 1078 3289 et
1097 3209 1415 3269 Hectorea
1433 3211 1661 3270 Dorica
1685 3214 1886 3268 castra
1908 3206 2068 3285 face,

625 3291 893 3355 Viderat
911 3290 1245 3351 informem
1266 3292 1459 3353 multa
1479 3289 1818 3352 Patroclon
1842 3311 2031 3352 arena

704 3374 1073 3437 Porrectum
1097 3381 1163 3435 et
1182 3394 1425 3455 sparsas
1451 3374 1641 3436 caede
1663 3376 1873 3437 iacere
1897 3396 2120 3454 comas,

517 3466 588 3519 35
632 3459 850 3519 Omnia
877 3459 1211 3519 formosam
1234 3464 1498 3538 propter
1519 3459 1805 3521 Briseida
1824 3480 2070 3541 passus:
