2592 3867
843 219 1651 301 LIBERV,10‚11.
2083 226 2207 289 109

456 388 586 447 Aut
605 389 658 447 si
682 388 818 467 quis
838 390 1042 468 posita
1061 387 1248 448 iudex
1269 389 1451 450 sedet
1470 390 1711 451 Aeacus
1730 412 1907 471 urna,
1982 451 1987 455 .

350 480 425 533 20
549 472 616 530 In
643 490 780 531 mea
801 473 1022 531 sortita
1041 472 1317 533 vindicet
1338 492 1475 533 ossa
1494 472 1655 554 pila.

367 603 372 608 .
458 554 806 615 Adsideant
823 556 1075 633 fratres,
1097 558 1265 617 iuxta
1284 557 1567 619 Minoida
1588 556 1807 619 sellam

446 678 451 681 -
535 638 946 699 Eumenidum
966 641 1208 701 intento
1229 642 1413 702 turba
1438 660 1655 702 severa
1676 644 1849 703 foro:

458 722 744 803 Sisyphe,
775 722 940 783 mole
960 742 1160 802 vaces,
1182 730 1432 786 taceant
1450 727 1677 787 Ixionis
1705 728 1911 805 orbes,

531 805 750 867 Fallax
773 806 1078 867 Tantaleo
1101 811 1443 889 corripiare
1470 808 1697 889 liquor,

329 896 414 950 -25
456 890 772 951 cerberus
795 898 862 951 et
880 890 1082 951 nullas
1103 890 1291 952 hodie
1314 900 1491 971 petat
1508 894 1825 971 improbus
1847 898 2115 974 umbras,

530 975 615 1033 Et
632 976 835 1034 iaceat
854 976 1044 1034 tacita
1062 971 1237 1054 lapsa
1259 982 1479 1035 catena
1499 994 1659 1037 sera.

450 1058 588 1138 Ipsa
607 1056 829 1136 loquar
849 1076 966 1137 pro
989 1076 1120 1118 me.
1165 1060 1218 1118 si
1237 1057 1416 1137 fallo,
1438 1078 1641 1139 poena
1662 1078 1943 1121 sororum

534 1140 760 1201 Infelix
779 1143 1070 1202 humeros
1093 1149 1315 1221 urgeat
1334 1163 1489 1204 urna
1509 1162 1699 1205 meos.

452 1226 520 1285 si
543 1228 642 1285 cui
661 1226 823 1287 fama
847 1226 968 1286 fuit
987 1245 1104 1306 per
1127 1228 1286 1287 avita
1304 1234 1566 1308 tropaea
1586 1227 1823 1306 decori,

342 1320 413 1373 30
538 1310 692 1370 Afra
716 1310 1122 1370 Numantinos
1136 1329 1339 1389 regna
1357 1308 1701 1391 loquuntur
1723 1332 1888 1391 avos,

447 1392 665 1455 Altera
686 1400 999 1455 maternos
1023 1401 1325 1475 exaequat
1346 1398 1529 1456 turba
1550 1396 1845 1475 Libones,

527 1478 612 1539 Et
636 1478 850 1539 domus
873 1486 972 1538 est
992 1479 1190 1540 titulis
1209 1486 1475 1559 utraque
1499 1478 1661 1541 fulta
1682 1482 1831 1551 suis..

449 1560 620 1638 Mox,
641 1563 748 1621 ubi
768 1564 889 1622 iam
909 1562 1148 1621 facibus
1175 1564 1365 1622 cessit
1384 1570 1707 1642 praetexta
1726 1566 1986 1644 maritis,

529 1644 746 1707 vinxit
767 1651 834 1705 et
858 1652 1142 1724 acceptas
1165 1644 1363 1705 altera
1382 1648 1535 1706 vitta
1556 1668 1784 1724 comas,

340 1738 409 1792 35
450 1728 694 1806 Iungor,
715 1725 952 1806 Paulle,
973 1734 1080 1788 tuo
1105 1730 1194 1787 sic
1217 1728 1565 1790 discessura
1586 1730 1803 1791 cubili·
1786 1774 1803 1790 .

528 1813 598 1871 In
618 1810 826 1891 lapide
847 1812 968 1871 hoc
989 1814 1098 1873 uni
1117 1819 1309 1893 nupta
1328 1812 1521 1873 fuisse
1540 1811 1732 1892 legar.

449 1895 680 1956 Testor
701 1897 999 1955 maiorum
1022 1898 1266 1957 cineres
1287 1898 1425 1973 tibi,
1448 1897 1662 1975 Roma,
1682 1896 2011 1975 verendos,
2118 1896 2121 1899 ’

531 1980 657 2039 Sub
684 1999 940 2060 quorum
961 1980 1181 2059 titulis,
1201 1981 1436 2059 Africa,
1456 1987 1637 2041 tonsa
1654 1983 1843 2060 iaces,

443 2065 528 2125 Et
551 2064 790 2125 Persen
811 2066 1026 2145 proavi
1047 2064 1435 2126 simulantem
1456 2071 1676 2146 pectus
1696 2063 1962 2126 Achillis

337 2155 410 2210 40
529 2150 772 2229 Quique
794 2155 930 2209 tuas
953 2168 1182 2229 proavo
1201 2150 1397 2228 fregit
1416 2147 1665 2210 Achille
1688 2148 1925 2228 domos,

443 2232 551 2292 Me
571 2249 774 2312 neque
797 2252 1096 2294 censurae
1117 2232 1325 2313 legem
1347 2232 1625 2295 mollisse
1646 2252 1763 2294 uec
1784 2232 1913 2295 ulla

522 2316 692 2377 Labe
717 2336 854 2377 mea
873 2324 1114 2379 vestros
1137 2320 1459 2379 erubuisse
1476 2319 1671 2379 focos.

441 2400 579 2460 Non
601 2400 720 2462 fuit
741 2403 972 2463 exuviis
991 2404 1189 2462 tantis
1206 2402 1499 2464 Cornelia
1522 2402 1835 2463 damnum:

527 2486 688 2559 Quin
713 2492 852 2544 erat
878 2491 944 2543 et
965 2504 1218 2562 magnae
1239 2506 1383 2564 pars
1404 2484 1701 2545 imitanda
1721 2484 1950 2547 domus,

333 2574 400 2627 45
443 2568 574 2627 Nec
593 2586 732 2645 mea
753 2573 983 2627 mutata
1002 2573 1100 2627 est
1121 2573 1311 2645 aetas,
1334 2570 1468 2627 sine
1490 2567 1747 2628 crimine
1770 2574 1901 2628 tota
1922 2579 2047 2629 est:

523 2651 800 2713 Viximus
827 2652 1100 2729 insignes
1122 2652 1288 2711 iuter
1312 2658 1636 2731 utramque
1658 2652 1875 2714 facem.

441 2735 535 2796 Mi
556 2742 776 2795 natura
798 2733 974 2795 dedit
992 2734 1168 2816 legen
1192 2756 1226 2795 a
1247 2736 1545 2815 sanguine
1568 2736 1801 2815 ductas,

522 2818 616 2878 Ne
637 2837 883 2897 possem
905 2818 1126 2879 melior
1141 2819 1367 2903 iudicis
1389 2839 1529 2881 esse
1550 2827 1735 2881 metu.

446 2902 778 2979 Quaelibet
797 2908 1073 2963 austeras
1097 2902 1176 2965 de
1202 2922 1303 2965 me
1322 2906 1489 2966 ferat
1508 2902 1974 2965 urna'tabellas:

335 2992 406 3045 50
526 2986 801 3067 Turpior
822 3006 1065 3048 assessu
1081 3007 1206 3048 non
1229 2991 1355 3050 erit
1372 2988 1503 3049 ulla
1524 3008 1684 3065 meo,

443 3070 564 3131 Vel
582 3078 671 3150 tu,
696 3090 852 3151 quae
873 3070 1375 3133 tardammovisti
1396 3074 1545 3133 fune
1570 3073 1889 3152 Cybeben,
1951 3139 1953 3141 a
1976 3120 1987 3127 .

524 3154 796 3235 Claudia,
818 3158 1106 3217 turritae
1104 3177 1246 3217 rara
1265 3156 1549 3217 ministra
1570 3156 1745 3236 deae,

442 3235 565 3298 Vel
591 3240 709 3316 cui,
733 3242 1087 3301 commissos
1109 3260 1246 3301 cum
1267 3241 1461 3303 Vesta
1480 3248 1847 3323 reposceret
1867 3255 2065 3319 ignes,

521 3322 818 3382 Exhibuit
835 3326 1005 3386 vivos
1025 3327 1312 3385 carbasus
1335 3324 1473 3387 alba
1494 3326 1687 3388 focos.

223 3472 234 3481 r
334 3413 401 3465 55
441 3403 572 3465 Nec
600 3411 688 3483 te,
717 3404 900 3468 dulce
928 3417 1129 3489 caput,
1153 3415 1353 3471 mater
1378 3410 1723 3488 Scribonia,
1745 3407 1929 3467 laesi·

520 3490 590 3549 ln
615 3508 713 3549 me
736 3498 1029 3554 mutatum
1053 3492 1202 3572 quid
1220 3494 1341 3553 nisi
1362 3494 1490 3554 fata
1510 3492 1711 3553 velis?
