2592 3867
721 232 1761 314 LIBER1‚12‚13‚14,15.
2118 214 2309 309 13*

455 402 556 463 Tu
574 421 724 462 vero
749 402 1034 479 quoniam
1057 398 1345 460 semeles
1360 400 1677 479 periturus
1698 418 1929 479 umore,

537 486 767 546 Utere:
811 502 940 545 non
959 482 1080 543 alio
1100 482 1315 543 limine
1338 482 1559 561 dignus
1584 502 1741 544 eras.

229 594 236 601 ·
349 576 418 632 35
464 568 633 645 Quae
655 567 774 627 tibi
797 568 898 644 sit,
920 564 1076 625 felix
1097 568 1383 645 quoniam
1404 584 1597 625 novus
1616 566 1839 629 incidit
1859 586 2062 647 error,

536 652 622 714 Et
642 649 1072 730 quodcumque
1091 648 1287 727 voles,
1311 667 1433 709 una
1454 650 1679 710 sitista
1698 652 1833 711 tibi.

309 783 418 876 14
454 780 557 875 Tu
573 814 727 877 licet
748 816 1022 877 abiectus
1046 815 1347 876 Tiberina
1366 814 1645 877 molliter
1666 815 1830 877 unda

533 900 763 961 Lesbia
782 900 1116 960 Mentoreo
1139 901 1280 958 vina
1298 900 1475 959 bibas
1495 893 1731 979 opere‚'

448 984 534 1044 Et
555 982 740 1042 modo
761 989 887 1041 tam
909 982 1150 1042 celeres
1170 983 1419 1041 mireris
1440 1000 1697 1043 currere
1717 982 1941 1044 lintres

532 1068 616 1126 Et
638 1064 820 1125 modo
845 1072 970 1124 tam
988 1063 1196 1124 tardas
1221 1064 1475 1125 funibus
1494 1066 1591 1125 ire
1611 1072 1801 1142 rates,

378 1160 412 1211 5
452 1151 538 1211 Et
561 1167 778 1208 nemus
801 1167 980 1209 omne
1003 1154 1164 1208 satas
1185 1146 1473 1208 intendat
1490 1150 1725 1208 vertice
1749 1146 1955 1228 silvas,

529 1233 806 1311 Urgetur
832 1234 1074 1311 quantis
1097 1232 1405 1291 Caucasus
1430 1233 1785 1293 arboribus:

448 1317 507 1377 N
509 1336 586 1376 on
609 1322 816 1377 tamen
833 1317 953 1375 ista
976 1333 1113 1375 meo
1139 1314 1387 1375 valeant
1408 1315 1791 1375 contendere
1814 1318 2037 1377 amori:

528 1398 745 1461 Nescit
765 1400 957 1461 Amor
978 1401 1214 1477 magnis
1238 1398 1467 1459 cedere
1492 1398 1742 1459 divitiis.

446 1483 600 1544 Nam
624 1485 753 1542 sive
777 1489 1044 1563 optatam
1072 1502 1311 1543 mecum
1332 1484 1530 1543 trehit
1548 1481 1663 1541 illa
1686 1484 1979 1562 quietem,

343 1578 412 1629 10
532 1567 658 1627 Seu
677 1566 848 1626 facili
870 1573 1069 1627 totum
1090 1566 1262 1626 ducit
1287 1584 1495 1627 amore
1521 1566 1707 1642 diem,

450 1651 612 1712 Tum
634 1651 786 1708 mihi
807 1648 1049 1711 Pactoli
1070 1652 1327 1710 veniunt
1348 1652 1461 1709 sub
1483 1656 1651 1709 tecta
1671 1648 1970 1729 liquores,

527 1734 612 1793 Et
631 1730 865 1809 legitur
889 1734 1094 1791 rubris
1115 1750 1353 1809 gemma
1362 1733 1488 1791 sub
1512 1734 1917 1811 aequoribus:

452 1816 614 1877 Tum
634 1815 785 1875 mihi
809 1832 1092 1875 cessuros
1114 1814 1425 1893 spondent
1445 1833 1580 1873 mea
1602 1813 1819 1893 gaudia
1841 1834 2055 1894 reges:

534 1900 705 1975 Quae
725 1904 1034 1976 maneant,
1057 1896 1202 1957 dum
1221 1917 1323 1957 me
1346 1898 1473 1957 fata
1492 1899 1704 1978 perire
1726 1895 1953 1959 volent.

339 1992 406 2046 15
446 1982 601 2043 Nam
623 1983 760 2061 quis
786 1981 1017 2042 divitiis
1039 1981 1298 2042 adverso
1322 1980 1550 2061 gaudet
1571 1982 1848 2041 Amore?

527 2064 712 2126 Nulla
737 2066 890 2125 mihi
911 2066 1080 2125 tristi
1100 2068 1375 2145 praemia
1396 2067 1523 2126 sint
1542 2066 1813 2129 Venere.

449 2148 565 2210 Illa
585 2156 797 2229 potest
817 2168 1064 2227 magnas
1087 2151 1347 2210 heroum
1366 2150 1713 2228 infringere
1734 2151 1921 2227 vires,
2180 2160 2189 2224 ς

530 2231 647 2293 Illa
674 2235 860 2293 etiam
886 2232 1056 2293 duris
1083 2236 1390 2295 mentibus
1416 2252 1553 2293 esse
1578 2232 1777 2295 dolor.

448 2315 562 2377 Illa
583 2335 788 2397 neque
809 2318 1108 2377 Arabium
1128 2320 1351 2378 metuit
1370 2316 1819 2377 transcendere
1839 2314 2052 2395 limen,

337 2410 408 2463 20
525 2401 655 2461 Nec
676 2403 857 2461 timet
877 2403 1136 2480 esti-ino,
1161 2400 1369 2479 Tulle,
1391 2403 1601 2461 subire
1623 2407 1763 2461 toro

445 2485 529 2546 Et
550 2486 843 2543 miserum
863 2490 996 2543 toto
1017 2486 1304 2545 iuvenem
1324 2503 1576 2545 versare
1598 2482 1819 2544 cubili:

532 2566 692 2642 Quid
717 2564 995 2625 relevant
1016 2568 1202 2626 variis
1223 2568 1427 2626 serica
1445 2564 1767 2626 textilibus
1780 2566 1814 2625 ‘3

452 2651 622 2726 Quae
644 2648 797 2708 mihi
819 2647 964 2707 dum
983 2647 1225 2727 placata
1247 2649 1472 2725 aderit,
1494 2668 1618 2710 non
1639 2647 1764 2706 ulla
1785 2648 2051 2708 verebor

527 2732 744 2809 Regna
763 2748 880 2791 nec
900 2730 1146 2792 Alcinoi
1165 2750 1422 2793 munera
1444 2730 1790 2811 despicere.

302 2864 410 2959 15
447 2860 658 2980 Saepe
681 2917 798 2979 ego
817 2897 1012 2961 multa
1032 2905 1174 2959 tuae
1195 2896 1467 2959 levitatis
1491 2896 1645 2959 (lura
1665 2899 1974 2977 timebam,

526 2984 660 3045 Hac
681 2990 886 3044 tamen
910 2989 1189 3064 excepta,
1215 2983 1503 3061 Cynthia,
1531 2980 1813 3063 perfidia.

446 3068 676 3147 Aspice
701 3086 800 3127 me
825 3074 1051 3147 quanto
1076 3068 1276 3146 rapiat
1295 3067 1547 3127 fortuna
1565 3064 1838 3147 periclo:

531 3151 631 3211 Tu
653 3153 945 3211 tamenin
967 3156 1182 3210 nostro
1205 3148 1377 3209 lenta
1398 3152 1622 3211 timore
1644 3152 1838 3226 venis,

369 3242 403 3295 5
443 3234 529 3295 Et
545 3239 726 3314 potes
749 3236 1080 3295 hesternos
1099 3233 1379 3295 manibus
1402 3252 1773 3315 componere
1797 3232 2004 3291 crine·

525 3318 611 3377 Et
628 3314 816 3397 longa
836 3319 1059 3378 faciem
1082 3335 1387 3397 quaerere
1410 3318 1669 3393 desidia,

443 3400 504 3460 N
504 3420 576 3461 ec
596 3402 797 3460 minus
817 3401 967 3463 Eois
988 3410 1206 3481 pectus
1229 3404 1470 3461 variare
1490 3400 1740 3481 lapillis,

525 3482 614 3545 Ut
633 3485 903 3545 formosa
921 3504 1080 3546 novo
1103 3504 1258 3565 quae
1281 3491 1461 3566 parat
1478 3487 1573 3545 ire
1594 3482 1746 3543 viro.
