2592 3867
664 174 708 234 L
751 172 780 234 1
819 174 866 235 Β
907 174 956 234 Ε
999 174 1051 236 R
1131 174 1236 253 111,
1281 186 1371 257 22,
1414 186 1504 257 23,
1532 173 1631 258 24,
1674 190 1763 259 25,
1794 189 1881 245 26.
2088 178 2174 246 49·

508 343 807 403 Extremo
833 343 1045 401 veniet
1063 340 1313 403 mollior
1333 344 1489 402 hora
1510 342 1631 403 die.

427 425 494 485 Io
513 442 695 485 versa
717 429 900 505 caput
918 426 1150 505 primos
1175 427 1515 505 mugiverat
1537 444 1759 489 annos:

511 508 689 569 Nunc
711 507 848 586 dea,
874 528 1030 587 quae
1051 508 1178 569 Nili
1196 510 1447 569 flumina
1466 530 1649 571 vacca
1670 512 1845 573 bibit.

427 592 536 652 Ino
559 593 743 653 etiam
761 594 962 671 prima
984 594 1174 651 terris
1197 598 1401 653 aetate
1424 601 1639 672 vagata
1662 602 1790 656 est:
1842 612 1849 615 ·

319 686 392 740 20
513 676 688 735 Hanc
711 677 902 735 miser
922 674 1195 755 inplorat
1214 678 1419 736 navita
1437 676 1860 741 Leucotheen.

426 758 824 821 Andromede
845 762 1138 819 monstris
1155 760 1367 819 fuerat
1386 760 1609 822 devota
1628 764 1881 824 marinis
1892 784 1911 822 ε

503 844 678 903 Haec
701 842 920 903 eadem
938 843 1160 903 Persei
1179 842 1405 903 nobilis
1426 862 1579 904 uxor
1606 853 1758 917 erat.

426 924 688 987 Callisto
710 924 1014 986 Arcadios
1035 932 1354 986 erraverat
1372 945 1516 987 ursa
1535 946 1651 1007 per
1674 948 1885 1008 agros:

508 1010 681 1069 Haec
699 1015 1006 1069 nocturna
1025 1028 1135 1070 suo
1159 1008 1370 1071 sidere
1390 1008 1531 1070 vela
1551 1014 1731 1090 regit.

317 1101 386 1155 25
430 1091 611 1170 Quod
633 1094 686 1153 si
705 1094 875 1153 forte
896 1094 1014 1153 tibi
1033 1096 1437 1175 properarint
1456 1094 1583 1153 fata
1606 1097 1899 1177 quietem,

510 1176 621 1236 ma
641 1174 1000 1256 sepulturae
1021 1178 1151 1238 fata
1169 1180 1353 1237 beata
1372 1182 1545 1237 tuae:
1636 1253 1641 1257 .

423 1260 717 1321 Nan-abis
741 1260 1044 1340 Semelae,
1064 1280 1185 1341 quo
1207 1264 1290 1323 sit
1309 1262 1582 1322 formosa
1601 1262 1864 1344 periclo,

507 1344 745 1406 Credet
767 1352 833 1406 et
852 1344 960 1406 illa
981 1365 1090 1405 suo
1115 1344 1297 1406 docta
1316 1344 1531 1426 puella
1550 1343 1733 1424 malo,

422 1428 507 1489 Et
530 1430 647 1490 tibi
667 1430 990 1491 Maeonias
1010 1432 1179 1489 inter
1198 1429 1491 1490 heroidas
1516 1431 1711 1489 omnis

317 1518 388 1574 30
505 1513 750 1572 Primus
771 1516 897 1573 erit
915 1511 1084 1573 nulla
1104 1532 1229 1573 non
1247 1513 1569 1573 tribuente
1588 1511 1779 1576 locus.

385 1650 390 1655 .
421 1595 619 1673 Nunc,
644 1603 977 1675 utcumque
999 1602 1200 1675 potes,
1223 1595 1353 1655 fato
1378 1613 1527 1673 gere
1550 1599 1755 1659 saucia
1774 1618 2040 1660 morem:

503 1680 590 1739 Et
610 1677 770 1738 deus
788 1685 854 1738 et
877 1678 1066 1738 durus
1086 1679 1351 1737 vertitur
1372 1680 1507 1758 ipse
1532 1678 1683 1739 dieS.

423 1764 562 1822 Hoc
583 1764 702 1824 tibi
723 1760 828 1821 vel
846 1762 1104 1841 poterit,
1128 1762 1411 1839 coniunx,
1432 1763 1761 1839 ignoscere
1783 1763 1964 1823 Iuno:

501 1847 837 1924 Frangitur
859 1852 927 1905 et
948 1845 1120 1922 Iuno,
1141 1846 1196 1904 si
1218 1864 1337 1923 qua
1356 1842 1568 1925 puella
1585 1846 1771 1924 perit.

273 1978 391 2076 25
421 1978 746 2074 Deficiunt
765 2015 1001 2091 magico
1021 2014 1175 2073 torti
1199 2015 1312 2074 sub
1336 2014 1605 2073 carmine
1627 2013 1894 2092 rhombi,
2096 2022 2165 2077 35

501 2098 586 2159 Et
604 2098 771 2157 iacet
791 2098 1062 2158 extincto
1084 2096 1292 2157 laurus
1316 2096 1531 2157 adusta
1550 2097 1715 2174 foco,

423 2182 508 2241 Et
526 2183 647 2241 iam
666 2181 842 2241 Luna
859 2187 1047 2259 negat
1065 2183 1298 2241 totiens
1324 2179 1710 2241 descendere
1737 2178 1931 2260 caelo,

503 2263 818 2344 Nigraque
837 2266 1152 2325 funestum
1175 2266 1451 2325 concinit
1474 2280 1657 2343 omen
1680 2264 1822 2327 avis.

349 2357 382 2408 5
425 2348 562 2409 Una
582 2350 734 2433 ratis
753 2349 869 2410 fati
887 2354 1141 2410 nostros
1157 2350 1437 2429 portabit
1458 2350 1697 2409 amores

503 2430 770 2492 Caerula
797 2432 875 2491 ad
892 2434 1174 2492 infernos
1194 2431 1498 2491 velificata
1516 2432 1704 2491 lacus.
1994 2452 2014 2457 “·
2093 2440 2166 2495 40

425 2514 640 2574 Sinon
662 2516 862 2590 uniuS,
885 2532 1137 2592 qnae-o,
1159 2515 1463 2572 miserere
1486 2511 1762 2572 duorum.

505 2596 744 2673 Vivam,
767 2598 819 2656 ni
839 2596 1034 2655 vivet:
1075 2598 1130 2655 si
1152 2594 1335 2655 cadet
1352 2594 1483 2672 illa,
1507 2594 1737 2655 cadam.

421 2681 547 2740 Pro
575 2681 795 2759 quibus
817 2680 1045 2759 optatis
1067 2696 1242 2739 sacro
1264 2696 1365 2738 me
1389 2678 1658 2739 carmine
1683 2675 1935 2738 damno:

314 2774 385 2827 10
513 2762 792 2823 Scribam
813 2782 930 2843 ego
957 2768 1096 2843 ‘per
1116 2780 1401 2842 magnum
1422 2760 1589 2822 salva
1606 2759 1819 2842 puella
1838 2761 2086 2843 Iovem?

422 2849 588 2907 Ante
609 2853 877 2927 tuosque
893 2847 1090 2928 pedes
1112 2845 1226 2908 illa
1243 2849 1379 2927 ipsa
1400 2845 1699 2926 adoperta
1724 2844 1989 2926 sedebit,
2091 2856 2161 2910 45

501 2931 915 3012 Nan-abitque
937 2931 1164 2993 sedens
1184 2929 1375 3009 longa
1392 2927 1630 3011 pericla
1656 2948 1779 2995 uua.
1958 2954 1971 2973 ¹

282 3063 396 3161 2ss
421 3060 596 3159 Haec
615 3107 742 3177 tua,
762 3098 1191 3179 Persephone,
1213 3103 1459 3157 maneat
1480 3095 1826 3178 clementia,
1850 3118 1969 3160 nec
1988 3104 2079 3179 tu,

502 3181 938 3261 Persephones
961 3182 1246 3260 coniunx,
1267 3182 1509 3242 saevior
1530 3200 1669 3243 esse
1689 3182 1864 3245 velis.

422 3264 580 3325 Sunt
603 3263 766 3344 apud
781 3266 1064 3327 infernos
1090 3270 1186 3327 tot
1206 3264 1379 3326 milia
1396 3266 1833 3327 formosarum:

502 3346 775 3407 Pulchra
797 3350 879 3409 sit
896 3351 964 3409 in
987 3352 1250 3430 superis,
1273 3351 1327 3409 si
1352 3348 1523 3428 licet,
1546 3370 1667 3409 una
1685 3350 1858 3425 lociS.
2090 3353 2163 3405 50
2275 3432 2281 3439 .

347 3439 381 3491 5
422 3431 758 3493 Vobiscum
781 3438 879 3492 est
897 3433 1066 3513 Iope,
1086 3435 1401 3494 vobiscum
1424 3432 1682 3494 candida
1704 3432 1898 3508 Tyro,

338 3512 744 3577 Pnormzrms·
1005 3598 1020 3613 ο
1715 3522 1751 3575 4
