2592 3867
724 166 1115 266 Llssnn
1197 204 1302 285 111,
1346 218 1572 289 20,21‚
1616 220 1704 273 22.
2090 210 2177 277 47

429 370 558 433 Sed
577 372 700 431 tibi
719 369 996 447 subsidio
1022 368 1385 451 delphinum
1407 392 1663 435 currere
1682 374 1831 456 vidi,

507 455 653 533 Qui,
673 459 849 535 puto,
870 455 1190 515 Arioniam
1209 463 1464 516 vexerat
1488 463 1633 517 ante
1652 456 1871 537 lyram.

424 539 673 618 Iamque
699 556 816 617 ego
840 536 1106 599 conober
1133 558 1369 599 summo
1390 559 1491 600 me
1512 542 1766 603 mittere
1788 563 1952 623 suo,

317 632 390 685 20
513 622 670 685 oum
689 624 843 683 mihi
867 620 1160 683 discussit
1183 620 1337 684 talia
1356 625 1488 685 visa
1504 631 1725 688 metus.

278 756 396 851 22
425 751 611 847 Nunc
637 785 1023 849 admirentur
1047 790 1214 869 quod
1242 798 1368 852 tam
1390 792 1541 852 mihi
1559 790 1825 873 pulchra
1842 792 2052 874 puella

506 870 752 932 Serviat
771 875 838 932 et
857 878 993 933 toto
1013 873 1186 934 dicar
1205 877 1274 935 in
1292 877 1451 935 urbe
1470 883 1715 956 potens.

420 955 581 1033 Non,
605 956 661 1015 si
681 955 1026 1035 Cambysae
1044 958 1313 1019 redeant
1335 964 1403 1019 et
1420 960 1673 1019 flumina
1694 962 1935 1042 Croesi,

503 1040 686 1099 Dicat
707 1038 814 1098 ‘de
835 1046 1052 1100 nostro
1075 1060 1282 1121 surge,
1304 1048 1512 1122 poeto,
1534 1048 1723 1103 toro?

343 1132 378 1184 5
419 1122 576 1186 Nam
596 1140 736 1183 mea
759 1142 898 1183 cum
917 1126 1165 1204 recitat,
1190 1126 1346 1186 dicit
1371 1145 1441 1187 se
1462 1125 1669 1187 odisse
1695 1129 1943 1189 beatos:
2098 1141 2178 1195 25-

507 1206 795 1268 Garmina
813 1213 940 1267 tam
963 1215 1176 1270 sancte
1197 1208 1377 1271 nulla·
1392 1208 1604 1291 puella
1624 1208 1795 1273 colit.

420 1290 690 1352 Multum
709 1292 775 1351 in
799 1311 1008 1353 amore
1029 1292 1210 1373 fides,
1234 1294 1491 1356 multum
1514 1298 1859 1357 constantia
1877 1295 2168 1377 prodest=

500 1376 622 1452 Qui
643 1374 794 1436 dare
813 1376 1006 1438 multa
1026 1384 1258 1459 potest,
1280 1379 1472 1440 multa
1492 1385 1560 1439 et
1580 1398 1785 1440 amare
1803 1387 2033 1461 potest.

420 1458 545 1519 Seu
565 1477 736 1521 mare
754 1478 874 1541 per
895 1461 1147 1541 longum
1169 1483 1309 1526 mea
1330 1466 1567 1543 cogitet
1585 1465 1683 1524 ire
1704 1462 1940 1545 puella,

312 1552 384 1605 10
503 1542 682 1604 Hunc
703 1562 930 1624 sequar
952 1552 1021 1606 et
1037 1547 1198 1609 fidos
1218 1566 1341 1609 una
1360 1553 1505 1626 aget
1520 1567 1674 1608 aura
1694 1548 1869 1612 duos.
2096 1558 2172 1613 30

415 1628 624 1689 Unum
641 1625 794 1687 litus
816 1630 943 1689 erit
967 1633 1186 1710 sopitis
1205 1636 1449 1709 unoque
1471 1637 1640 1692 tecto

499 1711 731 1789 Arbor,
753 1716 823 1771 et
841 1728 920 1772 ex
939 1731 1060 1771 una
1081 1731 1267 1793 saepe
1288 1716 1571 1774 bibemus
1598 1734 1774 1794 aqua,

417 1794 502 1857 Et
519 1791 734 1854 tabula
753 1813 875 1854 una
898 1793 1050 1856 duos
1071 1798 1311 1876 poterit
1328 1815 1701 1877 componere
1726 1805 2018 1881 amantes,

502 1877 704 1939 Prora
726 1876 933 1939 cubile
956 1881 1110 1940 mihi
1135 1898 1249 1941 seu
1269 1881 1421 1941 mihi
1446 1882 1671 1961 puppis
1693 1884 1832 1941 erit.

309 1972 378 2027 15
423 1963 644 2024 Omnia
663 1963 1016 2043 perpetiar:
1059 1982 1274 2025 saevus
1293 1964 1450 2025 licet
1470 1971 1691 2043 urgeat
1708 1966 1911 2028 Eurus
2092 1976 2165 2031 35

497 2044 784 2127 Velaque
805 2048 873 2107 in
895 2049 1202 2109 incertum
1223 2047 1491 2127 frigidus
1508 2050 1741 2110 Auster
1762 2055 1921 2129 agat,

417 2131 802 2210 Quicmque
827 2136 894 2191 et
913 2134 1086 2193 venti
1105 2134 1400 2194 miserum
1417 2134 1683 2194 vexastis
1704 2132 1943 2196 Ulixen>

497 2214 584 2277 Et
601 2214 877 2276 Danaum
893 2216 1170 2277 Euboico
1191 2216 1384 2278 litore
1404 2216 1577 2277 mille
1598 2224 1789 2297 rates,
1845 2281 1877 2295 ,κ

414 2298 500 2361 Et
522 2300 628 2377 qui
649 2300 926 2359 movistis
950 2298 1070 2362 duo
1097 2298 1308 2379 litora,
1332 2323 1469 2363 cum
1489 2300 1664 2369 ‘rudis
1687 2303 1891 2382 Argus

305 2390 377 2444 20
496 2381 634 2443 Dux
655 2389 792 2443 erat
807 2384 1022 2462 ignoto
1046 2387 1231 2447 missa
1253 2385 1535 2448 columba
1554 2388 1725 2448 muri.
1900 2388 1905 2392 ’
2091 2395 2165 2449 40

412 2464 530 2528 ma
549 2468 702 2527 meis
723 2473 964 2527 tantum
981 2487 1106 2529 non
1127 2488 1413 2546 umquam
1434 2470 1599 2530 desit
1620 2469 1857 2548 ocellis,

499 2548 798 2609 Incendat
815 2568 1032 2611 navem
1053 2552 1331 2630 Iuppiter
1353 2553 1491 2629 ipse
1508 2550 1677 2611 licet.

417 2632 612 2694 Certe
635 2630 836 2691 isdem
857 2630 1008 2691 nudi
1028 2634 1268 2711 pariter
1286 2634 1649 2693 iactabimur
1674 2636 1831 2693 oris:

496 2716 609 2777 Me
628 2712 787 2775 licet
805 2714 971 2775 unda
989 2716 1175 2793 ferat,
1196 2721 1262 2775 te
1285 2714 1468 2776 modo
1490 2722 1665 2776 terra
1684 2722 1873 2795 tegat.

308 2809 380 2862 25
421 2798 698 2861 Sednon
717 2796 1042 2879 Neptunus
1061 2806 1234 2861 tanto
1259 2799 1530 2862 crudelis
1552 2803 1767 2880 amori,
2092 2810 2164 2867 45

496 2883 820 2966 Neptunus
842 2884 1026 2945 fratri
1044 2903 1158 2965 par
1177 2886 1244 2945 in
1271 2904 1479 2946 umore
1501 2885 1647 2947 Iovi.

418 2968 631 3030 Testis
658 2970 1021 3048 Amymone,
1047 2968 1266 3031 latices
1289 2989 1427 3030 cum
1446 2970 1672 3049 ferret,
1691 2970 1759 3030 in
1780 2971 1965 3050 Argis

499 3054 870 3134 Compressu
897 3059 963 3113 et
982 3053 1226 3114 Lernae
1245 3051 1427 3133 pulsa
1447 3052 1725 3115 tridente
1745 3053 1939 3134 polus.

415 3137 540 3197 Iam
559 3138 728 3198 Deus
751 3136 1037 3218 amplexu
1057 3143 1264 3197 votum
1284 3136 1611 3218 persolvit,
1638 3138 1815 3200 atilli

305 3228 378 3283 ³0
501 3221 711 3282 Aurea
739 3220 972 3283 divinas
995 3240 1150 3281 urna
1166 3222 1449 3302 profudit
1477 3241 1682 3303 aquus.
2090 3229 2161 3282 50

419 3303 847 3367 Crudelemet
864 3306 1130 3367 Boream
1154 3311 1333 3386 rapta
1355 3306 1642 3385 Orithyia
1668 3307 1945 3384 negavitt

496 3388 618 3448 Hic
649 3386 802 3449 deus
827 3396 894 3451 et
912 3396 1118 3451 terras
1141 3395 1207 3449 et
1226 3391 1417 3450 maria
1438 3387 1565 3449 alta
1585 3388 1807 3449 domat.

418 3471 627 3534 Crede
649 3473 822 3552 mihi,
846 3476 1025 3535 nobis
1049 3475 1337 3537 mitescet
1358 3470 1572 3553 Scylla
1590 3490 1709 3532 nec
1730 3486 2016 3548 umquam
