2592 3867
722 209 766 270 L
806 208 835 270 1
873 210 920 271 B
962 208 1012 271 Ε
1056 210 1108 272 R
1189 186 1295 289 ¹2111,
1343 220 1433 291 15,
1477 221 1565 292 16,
1609 222 1697 292 17,
1742 223 1828 277 18.
2149 212 2275 278 43-

482 376 604 437 Hie
626 395 782 437 unus
806 374 988 436 dolor
1011 381 1110 436 est
1133 394 1208 436 ex
1229 378 1511 437 omnibus
1538 396 1681 438 acer
1702 383 1949 459 amanti,
2163 391 2231 444 45

507 528 515 533 ,
569 459 862 539 Speranti
883 459 1089 521 subito
1111 461 1166 519 si
1189 479 1309 539 qua
1332 462 1549 521 venire
1573 469 1775 539 negat.

411 554 444 605 5
489 545 730 621 Quanta
749 540 927 603 illum
947 549 1084 603 toto
1105 549 1358 603 versant
1378 546 1643 625 suspiria
1662 544 1852 626 lecto,

566 628 720 687 Gum
741 628 960 707 recipI,
986 644 1169 706 quem
1186 645 1316 687 non
1332 628 1579 688 noverit
1598 626 1729 707 illa,
1751 635 1945 711 putat.

482 711 566 771 Et
587 729 800 771 rursus
824 728 1087 790 puerum
1111 707 1469 789 quaerendo
1493 711 1700 773 audita
1720 714 1961 794 fatigat,

567 795 783 874 Quem,
808 813 964 874 quae
987 795 1150 855 seire
1175 796 1378 874 timet,
1403 815 1708 876 quaerere
1730 798 1916 879 plura
1935 800 2126 862 iubet.
2162 810 2234 863 50

341 1007 448 1104 1⁷
485 1008 612 1103 cni
636 1042 758 1102 fuit
775 1040 1016 1103 indocti
1037 1044 1335 1123 fugienda
1354 1045 1509 1104 haec
1531 1046 1750 1105 semita
1772 1046 1963 1126 vulgi,
2117 1016 2228 1111 23

563 1126 702 1206 Ipsa
721 1127 920 1206 petita
939 1124 1080 1187 lacu
1101 1147 1264 1192 nunc
1283 1128 1438 1188 mihi
1459 1126 1659 1189 dulcis
1682 1149 1837 1209 aqua
1859 1137 1974 1192 est.

483 1210 790 1289 Ingenuus
818 1211 1138 1290 quisquam
1160 1210 1421 1272 alterius
1444 1211 1550 1273 dat
1568 1213 1825 1273 munera
1849 1234 2051 1295 servo,

561 1295 650 1355 Ut
667 1295 973 1373 promissa
993 1314 1139 1355 suae
1159 1298 1351 1357 verba
1371 1296 1537 1356 ferat
1560 1296 1842 1358 dominae
1857 1299 1890 1359 ’.ἱ

409 1386 440 1439 5
483 1378 568 1439 Et
589 1379 835 1458 quaerit
856 1379 1089 1439 totiens
1111 1384 1131 1414 ³
1138 1398 1437 1459 quaenam
1456 1399 1620 1442 nunc
1640 1383 1919 1461 porticus
1936 1382 2113 1445 illam

560 1461 792 1541 Integit
803 1462 860 1521 ‘3⁹
905 1470 972 1523 et
994 1468 1229 1545 ‘campo
1256 1484 1376 1545 quo
1399 1471 1605 1525 movet
1625 1463 1739 1525 illa
1758 1466 1955 1547 pedes
1969 1469 2025 1529 ’ξ’

479 1544 746 1623 Deinde,
768 1548 875 1606 ubi
898 1546 1236 1627 pertuleris
1260 1568 1413 1627 quos
1444 1548 1597 1610 dicit
1613 1550 1773 1611 fama
1793 1551 2041 1613 labores

559 1627 968 1706 Herculis,·ut
988 1633 1220 1691 scribat
1240 1634 1537 1692 ‘muneris
1560 1633 1786 1713 ecquid
1807 1636 1999 1697 habes
2013 1638 2069 1697 ‘3’

485 1712 769 1773 Cernere
789 1714 882 1771 uti
902 1715 1104 1791 possis
1125 1712 1363 1774 vultum
1388 1714 1660 1776 custodis
1683 1721 1893 1797 amari,

378 1806 449 1859 10
573 1795 806 1875 Captus
829 1801 896 1855 et
915 1796 1208 1876 inmunda
1229 1816 1416 1877 saepe
1437 1795 1641 1858 latere
1665 1800 1849 1859 casa?

487 1880 682 1956 Quam
705 1896 848 1939 care
871 1878 1067 1939 semel
1089 1882 1156 1939 in
1182 1886 1317 1941 toto
1338 1900 1460 1941 nox
1480 1882 1747 1942 vertitur
1769 1884 1960 1943 anno!

564 1963 664 2023 Ah
684 1969 970 2043 pereant,
997 1965 1050 2024 ni
1076 1983 1229 2043 quos
1253 1966 1435 2025 ianua
1458 1964 1665 2025 clausa
1685 1966 1883 2026 iuvat!

483 2046 738 2125 Contra,
759 2048 1000 2109 reiecto
1030 2066 1186 2127 quae
1206 2046 1410 2109 libera
1430 2047 1598 2109 vadit
1621 2050 1865 2129 amictu,

566 2130 909 2193 Custodum
931 2137 999 2192 et
1015 2130 1186 2192 nullo
1211 2139 1391 2213 septa
1408 2133 1657 2212 timore,
1683 2131 1911 2214 placet.

378 2221 444 2275 15
488 2214 606 2275 Cui
627 2232 813 2295 saepe
837 2215 1132 2276 inmundo
1157 2216 1349 2276 Sacra
1370 2218 1718 2278 conteritur
1740 2217 1861 2279 Via
1886 2235 2089 2295 socco,

561 2297 619 2358 N
622 2316 694 2358 ec
718 2300 868 2359 sinit
890 2318 1028 2360 esse
1051 2318 1305 2379 moram,
1328 2300 1382 2361 si
1405 2302 1542 2380 quis
1564 2300 1739 2361 adire
1759 2300 1931 2363 velit.

479 2380 750 2444 Differet
782 2384 937 2444 haec
957 2402 1286 2464 numquam
1306 2403 1425 2445 nec
1446 2390 1667 2465 poscet
1689 2382 1955 2464 garrula,
1980 2382 2146 2465 quod
2164 2388 2231 2445 te

564 2466 877 2526 Astrietus
901 2465 1117 2546 ploret
1136 2486 1323 2547 saepe
1348 2466 1597 2529 dedisse
1616 2473 1819 2549 pater,

479 2547 612 2608 Nec
635 2548 806 2607 dicet
827 2550 1064 2626 ‘time-o,
1083 2568 1355 2628 propera
1374 2551 1497 2609 iam
1518 2568 1797 2628 surgere,
1824 2569 2084 2628 quaestu

374 2641 447 2694 20
567 2626 812 2707 Infelix,
836 2628 1025 2689 hodie
1043 2633 1137 2690 vir
1158 2631 1312 2691 mihi
1332 2650 1479 2691 rure
1501 2634 1718 2691 venit?

481 2714 566 2775 Et
588 2732 738 2793 quas
758 2713 1110 2793 Euphrates
1133 2719 1199 2774 et
1223 2733 1373 2793 quas
1394 2714 1545 2774 mihi
1566 2716 1737 2775 misit
1758 2714 2049 2794 Orontes,

565 2796 677 2859 Me
703 2798 978 2879 capiant:
1023 2796 1216 2876 nolim
1235 2798 1405 2859 furta
1426 2797 1651 2879 pudiea
1670 2800 1817 2876 tori,

482 2880 770 2943 Libertas
796 2883 1082 2960 quoniam
1101 2881 1262 2943 nulli
1282 2884 1406 2945 iam
1420 2888 1623 2943 restat
1644 2884 1901 2943 amanti:

565 2962 789 3025 Nullus
810 2966 975 3027 liber
996 2968 1140 3045 erit,
1163 2969 1217 3028 si
1241 2968 1378 3045 quis
1400 2985 1604 3028 amare
1624 2965 1811 3029 volet.

343 3092 454 3190 18
485 3094 615 3193 <Tu
633 3130 932 3213 loqueris,
957 3153 1094 3194 cum
1115 3135 1199 3193 sis
1221 3135 1344 3195 iam
1364 3140 1513 3195 noto
1531 3133 1742 3198 fabula
1760 3134 1921 3197 libro
2113 3096 2228 3193 24

563 3216 648 3275 Et
666 3223 772 3277 tua
793 3220 876 3277 sit
895 3223 1028 3278 toto
1053 3217 1320 3297 Cynthia
1337 3217 1503 3280 lecta
1522 3220 1697 3280 foro:

484 3297 602 3358 Gui
625 3317 752 3359 non
772 3302 870 3361 his
890 3302 1098 3362 verbis
1119 3310 1405 3382 aspergat
1423 3307 1707 3383 tempora
1729 3302 1918 3364 sudor
1932 3302 1966 3359 ’ἒ

563 3381 690 3441 Aut
713 3382 915 3462 pudor
935 3386 1258 3463 ingenuus,
1281 3391 1386 3446 aut
1405 3385 1765 3447 reticendus
1791 3386 2005 3443 amor?

407 3472 440 3525 5
485 3463 664 3541 Quod
693 3467 747 3525 si
768 3472 892 3527 tam
911 3465 1114 3529 facilis
1137 3470 1407 3549 spiraret
1428 3470 1696 3549 Cynthia
1718 3468 1917 3540 nobie,
