2592 3867
732 188 1566 271 LIBER11‚3‚4‚5.
2034 192 2117 257 25

371 358 614 438 Quippe
636 359 743 417 ubi
765 376 886 417 nec
907 376 1118 417 causas
1139 376 1256 417 nec
1281 364 1531 437 apertos
1554 360 1862 421 cernimus
1883 362 2075 421 ictus:

259 450 332 505 20
451 440 648 505 Undc.
658 447 869 500 tamen
889 442 1141 501 veniant
1159 446 1256 501 tot
1276 439 1438 501 mala
1462 460 1642 502 caeca
1660 444 1759 505 via
1780 451 1897 508 est.
2052 455 2121 507 10

365 524 508 585 Non
529 531 676 605 eget
695 526 799 583 hic
819 523 1098 602 medicis,
1119 544 1245 583 non
1266 522 1453 584 lectis
1475 523 1763 587 mollibus
1786 547 1995 609 aeger,
2020 526 2025 530 ’

450 610 614 669 Huic
635 608 870 669 nullum
893 604 1052 667 caeli
1075 615 1318 688 tempus
1343 615 1408 667 et
1433 629 1579 669 aura
1599 619 1817 671 nocet:

367 691 677 770 Ambulag
701 698 768 751 et
789 692 992 751 subito
1016 693 1319 751 mirantur
1340 691 1527 753 funus
1550 696 1760 754 amici:

449 776 552 835 Sic
579 782 676 837 est
694 776 1026 852 incautum,
1053 775 1349 855 quicquid
1368 777 1637 837 habetur
1660 798 1847 839 amor.

256 868 326 922 25
367 860 425 919 N
427 880 520 919 am
543 861 642 920 cui
661 878 788 921 non
811 878 926 937 ego
951 879 1084 919 sum
1105 858 1315 919 fallaci
1334 862 1609 941 praemia
1628 864 1753 923 vati
1766 863 1798 922 2²
2048 872 2117 928 15

448 943 613 1019 Quae
642 962 778 1005 mea
803 962 931 1002 non
954 941 1164 1003 decies
1189 946 1425 1003 somnia
1446 951 1654 1004 versat
1674 948 1871 1007 anus?

363 1028 580 1087 Hostis
604 1028 658 1087 si
682 1028 819 1105 quis
843 1027 967 1086 erit
985 1028 1187 1103 nobis,
1212 1032 1378 1085 amet
1396 1026 1508 1086 ille
1529 1028 1798 1107 puellas:

451 1109 736 1171 Gaudeat
754 1112 821 1169 in
842 1128 1062 1189 puero,
1086 1112 1137 1170 si
1164 1112 1301 1189 quis
1326 1112 1553 1170 amicus
1576 1113 1716 1172 erit.

369 1192 740 1274 Tranquillo
762 1200 897 1253 tuta
918 1193 1248 1254 descendis
1270 1195 1525 1255 flumine
1550 1196 1797 1274 cymba:

257 1285 330 1339 30
454 1277 616 1354 Quid
635 1280 753 1338 tibi
775 1284 900 1337 tam
919 1280 1094 1358 parvi
1114 1276 1323 1337 litoris
1344 1277 1510 1337 unda
1530 1280 1763 1339 nocet?
2044 1290 2118 1343 20

365 1358 551 1422 Alter
577 1380 764 1442 saepe
786 1381 908 1422 uno
931 1367 1128 1421 mutat
1145 1362 1516 1445 praecordia
1535 1364 1749 1442 verbo,

391 1512 398 1523 ,
445 1444 662 1505 Altera
682 1447 782 1505 vix
801 1447 938 1526 ipso
962 1448 1257 1523 sanguine
1281 1443 1493 1507 mollis
1518 1448 1655 1508 erit.

281 1576 338 1669 5
366 1574 508 1673 Hoc
525 1631 742 1673 verum
763 1618 881 1691 est,
903 1618 1036 1673 tota
1055 1619 1120 1671 te
1146 1613 1327 1690 ferri,
1352 1614 1641 1693 Cynthia,
1668 1613 1863 1674 Roma

439 1696 525 1756 Et
542 1714 670 1753 non
689 1698 902 1773 ignota
921 1697 1131 1755 vivere
1153 1697 1479 1774 nequitia?

361 1778 536 1839 Haec
559 1780 759 1837 merui
781 1796 1035 1856 sperare
1051 1780 1082 1836 ⁶?
1127 1778 1298 1837 dabis
1324 1780 1497 1856 mihi,
1512 1778 1784 1857 perfida,
1806 1797 2071 1858 poenas:

443 1862 531 1934 Et
548 1861 729 1934 nobis
753 1860 979 1939 aliquo,
1005 1862 1292 1941 Cynthia,
1318 1867 1538 1921 ventus
1562 1862 1703 1922 erit.

287 1956 322 2008 5
364 1946 677 2007 Inveniam
695 1950 899 2004 tamen
927 1964 961 2003 e
985 1944 1195 2005 multis
1217 1944 1545 2005 fallacibus
1567 1964 1769 2023 unam,

451 2029 621 2105 Quae
641 2030 782 2098 fieri
803 2035 1020 2089 nostro
1044 2030 1317 2089 carmine
1338 2036 1487 2089 nota
1504 2028 1661 2089 velit

360 2113 493 2174 Nec
514 2114 666 2173 mihi
686 2119 813 2173 tam
837 2112 1008 2173 duris
1029 2111 1293 2174 insultet
1313 2114 1587 2174 moribus
1611 2118 1677 2172 et
1696 2122 1764 2171 te

440 2194 749 2258 Vellicet:
794 2198 919 2257 heu
941 2215 1083 2257 sero
1105 2199 1288 2258 flebis
1311 2203 1507 2257 amata
1529 2195 1651 2257 diu.

251 2306 256 2311 ·
361 2281 538 2341 Nunc
562 2286 658 2341 est
679 2282 772 2339 ira
793 2298 1037 2359 recens,
1059 2302 1222 2342 nunc
1245 2288 1345 2342 est
1366 2280 1694 2341 discedere
1714 2285 1959 2361 tempus
1974 2300 1995 2339 t

254 2373 325 2426 10
453 2364 519 2425 Si
542 2363 722 2425 dolor
745 2360 1034 2443 abfuerit,
1061 2365 1272 2443 crede,
1294 2365 1532 2425 redibit
1554 2384 1739 2425 amor.

359 2447 498 2508 Non
518 2450 608 2509 ita
631 2450 1004 2529 Carpathiae
1029 2453 1270 2508 variant
1295 2448 1705 2530 Aquilonibus
1728 2447 1932 2508 undae

442 2531 573 2591 Nec
600 2531 785 2590 dubio
809 2533 1006 2591 nubes
1025 2535 1294 2591 vertitur
1317 2540 1449 2590 atra
1468 2532 1654 2607 Noto,
1896 2609 1899 2611 v

364 2615 560 2691 Quam
578 2613 767 2672 facile
795 2614 940 2671 irati
959 2615 1492 2672 verbo'mutantur
1514 2618 1819 2671 amantes:

440 2698 602 2757 Dum
619 2695 797 2773 licet,
818 2697 1048 2756 iniusto
1073 2698 1369 2756 subtrahe
1393 2694 1552 2756 colla
1570 2698 1735 2774 iugo.

251 2789 320 2842 15
361 2782 496 2841 Nec
515 2787 586 2840 tu
605 2800 732 2844 non
755 2777 1007 2858 aliquid,
1032 2779 1144 2839 sed
1163 2781 1365 2861 prima
1385 2787 1571 2840 nocte
1596 2777 1869 2840 dolebis:

442 2864 640 2925 Omne
663 2866 728 2923 in
750 2883 959 2925 amore
981 2863 1226 2942 malum,
1249 2866 1304 2924 si
1324 2866 1586 2946 patiare,
1611 2864 1749 2924 leve
1775 2868 1889 2924 est.

357 2949 444 3008 At
461 2953 532 3009 tu
553 2968 672 3029 per
695 2947 978 3009 dominae
999 2949 1250 3011 Iunonis
1275 2948 1479 3009 dulcia
1498 2950 1635 3008 iura

438 3031 636 3092 Parce
657 3034 782 3093 tuis
806 3034 1044 3110 animis,
1067 3035 1213 3110 vita,
1233 3051 1467 3092 nocere
1488 3033 1624 3092 tibi.

355 3116 495 3175 Non
516 3115 714 3177 solum
735 3124 946 3177 taurus
969 3118 1124 3176 ferit
1144 3118 1321 3176 uncis
1343 3117 1632 3177 cornibus
1654 3114 1921 3191 hostem,

244 3208 320 3261 20
374 3196 378 3202 ’
439 3199 676 3261 Verum
701 3202 886 3261 etiam
907 3201 1165 3259 instanti
1188 3202 1359 3261 laesa
1378 3204 1684 3280 repugnat
1707 3200 1855 3259 ovis.

356 3281 488 3343 Nec
509 3284 628 3343 tibi
649 3285 905 3363 periuro
931 3281 1205 3342 scindam
1229 3283 1309 3342 de
1334 3302 1598 3363 corpore
1620 3289 1877 3357 vestem,

438 3366 570 3427 Nec
595 3384 732 3425 mea
758 3365 1115 3447 praeclusas
1136 3368 1403 3445 fregerit
1424 3369 1519 3425 ira
1538 3368 1733 3440 fores,

266 3516 276 3520 ,
353 3450 486 3511 Nec
512 3451 630 3510 tibi
657 3468 964 3511 connexos
984 3452 1180 3509 iratus
1202 3468 1461 3531 carpere
1486 3450 1693 3509 crines
