2592 3867
844 228 1659 311 LIBER1,1,2,3.
2166 228 2216 294 8

465 400 664 461 Unica
687 417 805 457 nec
830 397 995 457 desit
1013 396 1296 457 iocundis
1320 398 1519 475 gratia
1536 398 1762 473 verbis,

352 492 424 545 30
547 482 766 541 Omnia
801 498 1082 561 quaeque
1105 480 1319 542 Venus
1342 499 1625 560 quaeque
1647 480 1931 541 Minerva
1962 484 2210 563 probat.

463 566 579 625 His
601 572 670 625 tu
691 583 938 644 semper
961 566 1086 625 eris
1109 572 1359 623 nostrae
1386 566 1731 643 gratissima
1750 565 1935 644 vitae,

547 648 784 709 Taedia
805 648 948 708 dum
969 649 1234 709 miserae
1257 650 1383 707 sint
1406 649 1523 708 tibi
1544 648 1843 710 luxuriae.

267 848 276 855 ·
379 781 428 872 3
465 779 682 884 Qualis
706 814 956 875 Thesea
975 815 1165 874 iacuit
1186 812 1453 874 cedente
1478 816 1686 875 carina

544 897 860 979 Languida
880 898 1150 957 desertis
1171 898 1401 957 Cnosia
1420 896 1731 973 litoribus,

465 982 678 1059 Qualis
702 988 768 1043 et
791 983 1074 1041 accubuit
1093 981 1294 1060 primo
1321 982 1599 1059 Cepheia
1620 1000 1833 1041 somno

544 1065 774 1126 Libera
795 1066 914 1124 iam
939 1063 1109 1123 duris
1133 1066 1375 1123 cotibus
1399 1062 1821 1141 Andromede,

389 1162 423 1211 o
467 1149 524 1209 N
525 1168 597 1209 ec
621 1151 820 1209 minus
845 1146 1106 1208 assiduis
1125 1146 1366 1208 Edonis
1386 1149 1553 1208 fessa
1576 1148 1825 1207 choreis

551 1233 760 1308 Qualis
779 1234 847 1292 in
867 1234 1136 1293 herboso
1161 1231 1436 1293 concidit
1455 1230 1761 1311 Apidano,

467 1314 642 1376 Talis
661 1317 790 1377 visa
809 1316 960 1377 mihi
983 1314 1236 1376 mollem
1257 1316 1499 1395 spirare
1524 1316 1797 1394 quietem

545 1401 812 1479 Cynthia
832 1419 959 1460 non
980 1401 1170 1460 certis
1191 1401 1334 1459 nixa
1354 1408 1539 1479 caput
1558 1400 1859 1475 manibus,

461 1485 654 1545 Ebria
677 1503 814 1544 cum
835 1483 1029 1544 multo
1053 1484 1369 1544 traherem
1391 1484 1650 1561 vestigia
1674 1483 1917 1543 Baccho

361 1577 426 1631 10
545 1568 630 1629 Et
651 1574 983 1647 quaterent
1003 1570 1349 1628 sera‘nocte
1372 1567 1575 1628 facem
1594 1568 1795 1646 pueri.

463 1652 640 1711 Hanc
664 1670 800 1729 ego,
827 1652 1100 1711 nondum
1123 1653 1309 1711 etiam
1336 1661 1553 1711 sensus
1578 1649 1942 1730 deperditus
1972 1667 2207 1729 omnes,

543 1732 830 1794 Molliter
849 1736 1134 1813 inpresso
1159 1752 1351 1793 conor
1372 1732 1547 1794 adire
1569 1744 1709 1795 toro
1726 1757 1745 1808 3

462 1819 548 1877 Et
571 1817 840 1895 quamvis
862 1817 1096 1896 duplici
1119 1823 1477 1897 correptum
1498 1816 1723 1877 ardore
1754 1819 2047 1878 iuberent

544 1900 678 1961 Hac
699 1902 892 1961 Amor
913 1902 1029 1960 hac
1049 1901 1262 1977 Liber,
1283 1900 1481 1960 durus
1496 1907 1760 1979 uterque
1786 1899 1961 1979 deus,

363 1995 422 2047 15
469 1985 762 2045 Subiecto
782 1984 1009 2045 leviter
1027 1988 1290 2065 positam
1312 1991 1624 2064 temptare·
1642 1983 1881 2045 lacerto
1950 1980 1952 1982 ’

543 2068 890 2149 Osculaque
911 2068 1156 2129 admota
1175 2086 1423 2129 sumere
1444 2075 1513 2129 et
1538 2089 1705 2129 arma
1724 2088 1927 2147 manu,

461 2150 518 2212 N
519 2173 600 2213 on
620 2159 824 2213 tamen
847 2172 1028 2213 ausus
1051 2170 1216 2213 eram
1241 2152 1524 2213 dominae
1547 2154 1803 2213 turbare
1827 2152 2121 2231 quietern,

539 2237 852 2318 Expertae
873 2245 1156 2297 metuens
1177 2238 1377 2315 iurgia
1398 2237 1711 2311 saevitiae,

462 2319 588 2380 Sed
611 2322 700 2380 sic
720 2322 980 2381 intentis
1001 2322 1333 2381 haerebam
1354 2322 1510 2381 fixus
1532 2319 1773 2399 ocellis,

352 2413 424 2464 20
545 2405 746 2482 Argus
769 2410 842 2464 ut
860 2406 1088 2483 ignotis
1112 2406 1401 2465 cornibus
1424 2404 1769 2466 Inachidos.

461 2489 546 2547 Et
567 2488 750 2547 modo
775 2488 1085 2549 solvebam
1107 2495 1321 2548 nostra
1342 2488 1421 2548 dc
1446 2490 1654 2549 fronte
1678 2486 1943 2549 corollas

541 2571 978 2649 Ponebamque
1001 2574 1146 2647 tuis,
1169 2572 1457 2648 Cynthia,
1492 2573 1899 2649 temporibus,

458 2654 544 2712 Et
563 2654 748 2713 modo
771 2653 1110 2731 gaudebam
1129 2652 1337 2731 lapsos
1358 2654 1629 2713 formare
1652 2650 1931 2731 capillos,

541 2736 718 2796 Nunc
739 2737 1150 2797 furtivacavis
1170 2755 1352 2816 poma
1374 2735 1591 2796 dabam
1612 2734 1911 2811 manibus,

349 2830 417 2881 25
463 2821 805 2899 Omniaque
828 2821 1070 2898 ingrato
1091 2819 1363 2898 largibar
1382 2837 1639 2881 munera
1664 2836 1899 2895 somno,

541 2905 807 2965 Munera
830 2903 910 2965 de
931 2924 1129 2985 prono
1154 2922 1341 2983 saepe
1362 2903 1573 2964 voluta
1592 2904 1767 2977 sinu3

457 2988 541 3047 Et
563 2990 848 3067 quotiens
868 3008 1012 3049 raro
1036 2987 1207 3048 duxti
1231 2989 1497 3067 suspiria
1518 2995 1709 3065 motu,

543 3072 849 3152 Obstupui
867 3092 1020 3133 vano
1045 3071 1335 3132 credulus
1359 3073 1652 3151 auspicio,

457 3154 552 3216 Ne
577 3176 696 3235 qua
717 3157 831 3217 tibi
851 3158 1136 3219 insolitos
1158 3162 1487 3236 portarent·
1504 3156 1634 3215 visa
1655 3157 1933 3233 timores,

350 3248 422 3303 30
542 3240 711 3299 Neve
738 3240 874 3320 quis
893 3242 1145 3301 invitam
1168 3246 1425 3317 cogeret
1446 3257 1586 3301 esse
1611 3258 1814 3299 suam:

457 3324 670 3382 Donec
693 3322 968 3385 diversas
987 3343 1367 3403 percurrens
1386 3322 1535 3383 luna
1552 3324 1885 3398 fenestras,

453 3402 466 3413 ’
538 3406 712 3466 Luna
731 3410 1060 3468 moraturis
1081 3404 1298 3467 sedula
1316 3406 1673 3481 luminibus,

460 3490 850 3572 Compositos
869 3490 1107 3553 levibus
1129 3490 1321 3553 radiis
1342 3490 1645 3571 patefecit
1664 3483 1919 3625 ocellos.
