<?xml version="1.0" encoding="UTF-8"?>
<!DOCTYPE html PUBLIC "-//W3C//DTD XHTML 1.0 Transitional//EN"
    "http://www.w3.org/TR/xhtml1/DTD/xhtml1-transitional.dtd">
<html xmlns="http://www.w3.org/1999/xhtml" xml:lang="en" lang="en">
 <head>
  <title>
</title>
<meta http-equiv="Content-Type" content="text/html;charset=utf-8" />
  <meta name='ocr-system' content='tesseract 3.04.00' />
  <meta name='ocr-capabilities' content='ocr_page ocr_carea ocr_par ocr_line ocrx_word'/>
</head>
<body>
  <div class='ocr_page' id='page_1' title='image "./sexpropertiiele00keilgoog_0030.png"; bbox 0 0 2592 3867; ppageno 0'>
   <div class='ocr_carea' id='block_1_1' title="bbox 471 208 1799 275">
    <p class='ocr_par' dir='ltr' id='par_1_1' title="bbox 471 208 1799 275">
     <span class='ocr_line' id='line_1_1' title="bbox 471 208 1799 275; baseline -0.003 0"><span class='ocrx_word' id='word_1_1' title='bbox 471 208 556 275; x_wconf 65' lang='lat'><strong>20</strong></span> <span class='ocrx_word' id='word_1_2' title='bbox 1071 210 1799 273; x_wconf 86' lang='lat' dir='ltr'>PROPERTII</span> 
     </span>
    </p>
   </div>
   <div class='ocr_carea' id='block_1_2' title="bbox 501 427 2246 1294">
    <p class='ocr_par' dir='ltr' id='par_1_2' title="bbox 501 427 2145 544">
     <span class='ocr_line' id='line_1_2' title="bbox 501 427 2145 544; baseline 0.001 -21"><span class='ocrx_word' id='word_1_3' title='bbox 501 428 608 523; x_wconf 74' lang='lat'><strong>21</strong></span> <span class='ocrx_word' id='word_1_4' title='bbox 647 427 774 541; x_wconf 77' lang='lat' dir='ltr'><strong>Tu,</strong></span> <span class='ocrx_word' id='word_1_5' title='bbox 799 464 906 542; x_wconf 84' lang='lat' dir='ltr'><strong>qui</strong></span> <span class='ocrx_word' id='word_1_6' title='bbox 927 470 1282 525; x_wconf 72' lang='lat' dir='ltr'><strong>consortem</strong></span> <span class='ocrx_word' id='word_1_7' title='bbox 1302 482 1605 544; x_wconf 83' lang='lat' dir='ltr'><strong>properas</strong></span> <span class='ocrx_word' id='word_1_8' title='bbox 1628 462 1895 524; x_wconf 83' lang='lat' dir='ltr'><strong>evadere</strong></span> <span class='ocrx_word' id='word_1_9' title='bbox 1918 484 2145 542; x_wconf 82' lang='lat' dir='ltr'><strong>casum,</strong></span> 
     </span>
    </p>

    <p class='ocr_par' dir='ltr' id='par_1_3' title="bbox 723 546 1956 628">
     <span class='ocr_line' id='line_1_3' title="bbox 723 546 1956 628; baseline 0 -19"><span class='ocrx_word' id='word_1_10' title='bbox 723 546 917 609; x_wconf 84' lang='lat' dir='ltr'><strong>Miles</strong></span> <span class='ocrx_word' id='word_1_11' title='bbox 942 550 1016 609; x_wconf 85' lang='lat' dir='ltr'><strong>ab</strong></span> <span class='ocrx_word' id='word_1_12' title='bbox 1038 548 1321 609; x_wconf 81' lang='lat' dir='ltr'><strong>Etruscis</strong></span> <span class='ocrx_word' id='word_1_13' title='bbox 1344 548 1585 609; x_wconf 79' lang='lat' dir='ltr'><strong>saucius</strong></span> <span class='ocrx_word' id='word_1_14' title='bbox 1608 549 1956 628; x_wconf 82' lang='lat' dir='ltr'><strong>aggeribus,</strong></span> 
     </span>
    </p>

    <p class='ocr_par' dir='ltr' id='par_1_4' title="bbox 644 628 2246 794">
     <span class='ocr_line' id='line_1_4' title="bbox 644 628 2246 713; baseline 0.003 -22"><span class='ocrx_word' id='word_1_15' title='bbox 644 631 810 709; x_wconf 76' lang='lat' dir='ltr'><strong>Quid</strong></span> <span class='ocrx_word' id='word_1_16' title='bbox 829 640 1046 693; x_wconf 85' lang='lat' dir='ltr'><strong>nostro</strong></span> <span class='ocrx_word' id='word_1_17' title='bbox 1070 632 1303 709; x_wconf 78' lang='lat' dir='ltr'><strong>gemitu</strong></span> <span class='ocrx_word' id='word_1_18' title='bbox 1325 631 1641 708; x_wconf 81' lang='lat' dir='ltr'><strong>turgentia</strong></span> <span class='ocrx_word' id='word_1_19' title='bbox 1658 628 1893 691; x_wconf 87' lang='lat' dir='ltr'><strong>lumina</strong></span> <span class='ocrx_word' id='word_1_20' title='bbox 1915 632 2246 713; x_wconf 26' lang='lat' dir='ltr'><strong>torques?-</strong></span> 
     </span>
     <span class='ocr_line' id='line_1_5' title="bbox 726 712 2045 794; baseline 0.002 -19"><span class='ocrx_word' id='word_1_21' title='bbox 726 716 882 775; x_wconf 88' lang='lat' dir='ltr'><strong>Pars</strong></span> <span class='ocrx_word' id='word_1_22' title='bbox 905 734 1022 794; x_wconf 81' lang='lat' dir='ltr'><strong>ego</strong></span> <span class='ocrx_word' id='word_1_23' title='bbox 1045 733 1180 774; x_wconf 85' lang='lat' dir='ltr'><strong>sum</strong></span> <span class='ocrx_word' id='word_1_24' title='bbox 1197 719 1445 773; x_wconf 80' lang='lat' dir='ltr'><strong>vestrae</strong></span> <span class='ocrx_word' id='word_1_25' title='bbox 1465 714 1744 794; x_wconf 79' lang='lat' dir='ltr'><strong>proxima</strong></span> <span class='ocrx_word' id='word_1_26' title='bbox 1762 712 2045 779; x_wconf 86' lang='lat' dir='ltr'><strong>militiae.</strong></span> 
     </span>
    </p>

    <p class='ocr_par' dir='ltr' id='par_1_5' title="bbox 567 796 2116 879">
     <span class='ocr_line' id='line_1_6' title="bbox 567 796 2116 879; baseline 0.001 -20"><span class='ocrx_word' id='word_1_27' title='bbox 567 807 600 859; x_wconf 81' lang='lat'>5</span> <span class='ocrx_word' id='word_1_28' title='bbox 644 799 750 859; x_wconf 90' lang='lat' dir='ltr'><strong>Sic</strong></span> <span class='ocrx_word' id='word_1_29' title='bbox 771 803 838 858; x_wconf 88' lang='lat' dir='ltr'><strong>te</strong></span> <span class='ocrx_word' id='word_1_30' title='bbox 859 804 1126 875; x_wconf 79' lang='lat' dir='ltr'><strong>servato,</strong></span> <span class='ocrx_word' id='word_1_31' title='bbox 1148 804 1220 857; x_wconf 90' lang='lat' dir='ltr'><strong>ut</strong></span> <span class='ocrx_word' id='word_1_32' title='bbox 1238 798 1483 877; x_wconf 83' lang='lat' dir='ltr'><strong>possint</strong></span> <span class='ocrx_word' id='word_1_33' title='bbox 1504 796 1777 876; x_wconf 84' lang='lat' dir='ltr'><strong>gaudere</strong></span> <span class='ocrx_word' id='word_1_34' title='bbox 1798 806 2116 879; x_wconf 84' lang='lat' dir='ltr'><strong>parentes,</strong></span> 
     </span>
    </p>

    <p class='ocr_par' dir='ltr' id='par_1_6' title="bbox 722 880 1983 945">
     <span class='ocr_line' id='line_1_7' title="bbox 722 880 1983 945; baseline 0.002 -4"><span class='ocrx_word' id='word_1_35' title='bbox 722 880 855 941; x_wconf 90' lang='lat' dir='ltr'><strong>Nec</strong></span> <span class='ocrx_word' id='word_1_36' title='bbox 878 901 1059 943; x_wconf 88' lang='lat' dir='ltr'><strong>soror</strong></span> <span class='ocrx_word' id='word_1_37' title='bbox 1081 888 1218 942; x_wconf 86' lang='lat' dir='ltr'><strong>acta</strong></span> <span class='ocrx_word' id='word_1_38' title='bbox 1237 883 1363 941; x_wconf 86' lang='lat' dir='ltr'><strong>tuis</strong></span> <span class='ocrx_word' id='word_1_39' title='bbox 1384 882 1615 941; x_wconf 85' lang='lat' dir='ltr'><strong>sentiat</strong></span> <span class='ocrx_word' id='word_1_40' title='bbox 1634 900 1671 941; x_wconf 89' lang='lat' dir='ltr'><strong>e</strong></span> <span class='ocrx_word' id='word_1_41' title='bbox 1690 880 1983 945; x_wconf 73' lang='lat' dir='ltr'><strong>lacrimis.</strong></span> 
     </span>
    </p>

    <p class='ocr_par' dir='ltr' id='par_1_7' title="bbox 645 961 2118 1133">
     <span class='ocr_line' id='line_1_8' title="bbox 645 961 2118 1048; baseline 0.002 -22"><span class='ocrx_word' id='word_1_42' title='bbox 645 961 896 1026; x_wconf 82' lang='lat' dir='ltr'><strong>Gallum</strong></span> <span class='ocrx_word' id='word_1_43' title='bbox 914 986 1033 1048; x_wconf 89' lang='lat' dir='ltr'><strong>per</strong></span> <span class='ocrx_word' id='word_1_44' title='bbox 1052 964 1294 1027; x_wconf 87' lang='lat' dir='ltr'><strong>medios</strong></span> <span class='ocrx_word' id='word_1_45' title='bbox 1316 972 1601 1046; x_wconf 85' lang='lat' dir='ltr'><strong>ereptum</strong></span> <span class='ocrx_word' id='word_1_46' title='bbox 1624 966 1911 1027; x_wconf 79' lang='lat' dir='ltr'><strong>Caesaris</strong></span> <span class='ocrx_word' id='word_1_47' title='bbox 1934 986 2118 1029; x_wconf 84' lang='lat' dir='ltr'><strong>enses</strong></span> 
     </span>
     <span class='ocr_line' id='line_1_9' title="bbox 721 1050 1987 1133; baseline 0.002 -22"><span class='ocrx_word' id='word_1_48' title='bbox 721 1051 1022 1131; x_wconf 81' lang='lat' dir='ltr'><strong>Effugere</strong></span> <span class='ocrx_word' id='word_1_49' title='bbox 1042 1052 1284 1133; x_wconf 81' lang='lat' dir='ltr'><strong>ignotas</strong></span> <span class='ocrx_word' id='word_1_50' title='bbox 1305 1070 1433 1113; x_wconf 85' lang='lat' dir='ltr'><strong>non</strong></span> <span class='ocrx_word' id='word_1_51' title='bbox 1451 1050 1731 1131; x_wconf 85' lang='lat' dir='ltr'><strong>potuisse</strong></span> <span class='ocrx_word' id='word_1_52' title='bbox 1752 1070 1987 1129; x_wconf 82' lang='lat' dir='ltr'><strong>manus,</strong></span> 
     </span>
    </p>

    <p class='ocr_par' dir='ltr' id='par_1_8' title="bbox 641 1133 2177 1215">
     <span class='ocr_line' id='line_1_10' title="bbox 641 1133 2177 1215; baseline -0.001 -19"><span class='ocrx_word' id='word_1_53' title='bbox 641 1136 726 1196; x_wconf 80' lang='lat' dir='ltr'><strong>Et</strong></span> <span class='ocrx_word' id='word_1_54' title='bbox 747 1152 1170 1215; x_wconf 84' lang='lat' dir='ltr'><strong>quaecumque</strong></span> <span class='ocrx_word' id='word_1_55' title='bbox 1191 1152 1383 1214; x_wconf 85' lang='lat' dir='ltr'><strong>super</strong></span> <span class='ocrx_word' id='word_1_56' title='bbox 1406 1133 1689 1214; x_wconf 73' lang='lat' dir='ltr'><strong>dispersa</strong></span> <span class='ocrx_word' id='word_1_57' title='bbox 1706 1136 2019 1197; x_wconf 80' lang='lat' dir='ltr'><strong>invenerit</strong></span> <span class='ocrx_word' id='word_1_58' title='bbox 2040 1155 2177 1197; x_wconf 82' lang='lat' dir='ltr'><strong>ossa</strong></span> 
     </span>
    </p>

    <p class='ocr_par' dir='ltr' id='par_1_9' title="bbox 534 1218 2070 1294">
     <span class='ocr_line' id='line_1_11' title="bbox 534 1218 2070 1294; baseline 0.003 -17"><span class='ocrx_word' id='word_1_59' title='bbox 534 1228 602 1277; x_wconf 90' lang='grc'><strong>10</strong></span> <span class='ocrx_word' id='word_1_60' title='bbox 724 1218 1046 1279; x_wconf 76' lang='lat' dir='ltr'><strong>Montibus</strong></span> <span class='ocrx_word' id='word_1_61' title='bbox 1067 1220 1372 1294; x_wconf 79' lang='lat' dir='ltr'><strong>Etruscis,</strong></span> <span class='ocrx_word' id='word_1_62' title='bbox 1400 1218 1555 1277; x_wconf 82' lang='lat' dir='ltr'><strong>haec</strong></span> <span class='ocrx_word' id='word_1_63' title='bbox 1576 1219 1731 1277; x_wconf 81' lang='lat' dir='ltr'><strong>sciat</strong></span> <span class='ocrx_word' id='word_1_64' title='bbox 1752 1236 1894 1279; x_wconf 86' lang='lat' dir='ltr'><strong>esse</strong></span> <span class='ocrx_word' id='word_1_65' title='bbox 1916 1238 2070 1282; x_wconf 80' lang='lat' dir='ltr'><strong>mea.</strong></span> 
     </span>
    </p>
   </div>
   <div class='ocr_carea' id='block_1_3' title="bbox 1217 1322 1633 1332">
    <p class='ocr_par' dir='ltr' id='par_1_10' title="bbox 1217 1322 1633 1332">
     <span class='ocr_line' id='line_1_12' title="bbox 1217 1322 1633 1332; baseline 0 2535"><span class='ocrx_word' id='word_1_66' title='bbox 1217 1322 1633 1332; x_wconf 95' lang='lat' dir='ltr'><strong> </strong></span> 
     </span>
    </p>
   </div>
   <div class='ocr_carea' id='block_1_4' title="bbox 499 1347 2555 2299">
    <p class='ocr_par' dir='ltr' id='par_1_11' title="bbox 499 1347 2555 2299">
     <span class='ocr_line' id='line_1_13' title="bbox 499 1347 2393 1466; baseline 0.001 -21"><span class='ocrx_word' id='word_1_67' title='bbox 499 1350 615 1445; x_wconf 71' lang='lat'><strong>22</strong></span> <span class='ocrx_word' id='word_1_68' title='bbox 649 1347 871 1450; x_wconf 71' lang='lat' dir='ltr'><strong>Qualis</strong></span> <span class='ocrx_word' id='word_1_69' title='bbox 893 1390 960 1444; x_wconf 87' lang='lat' dir='ltr'><strong>et</strong></span> <span class='ocrx_word' id='word_1_70' title='bbox 983 1383 1146 1445; x_wconf 85' lang='lat' dir='ltr'><strong>unde</strong></span> <span class='ocrx_word' id='word_1_71' title='bbox 1169 1402 1385 1462; x_wconf 81' lang='lat' dir='ltr'><strong>genus,</strong></span> <span class='ocrx_word' id='word_1_72' title='bbox 1409 1384 1517 1461; x_wconf 84' lang='lat' dir='ltr'><strong>qui</strong></span> <span class='ocrx_word' id='word_1_73' title='bbox 1528 1384 1655 1443; x_wconf 87' lang='lat' dir='ltr'><strong>sint</strong></span> <span class='ocrx_word' id='word_1_74' title='bbox 1667 1384 1839 1461; x_wconf 78' lang='lat' dir='ltr'><strong>mihi,</strong></span> <span class='ocrx_word' id='word_1_75' title='bbox 1866 1383 2079 1463; x_wconf 84' lang='lat' dir='ltr'><strong>Tulle,</strong></span> <span class='ocrx_word' id='word_1_76' title='bbox 2100 1386 2393 1466; x_wconf 80' lang='lat' dir='ltr'><strong>Penates,</strong></span> 
     </span>
     <span class='ocr_line' id='line_1_14' title="bbox 725 1468 1937 1549; baseline 0.001 -22"><span class='ocrx_word' id='word_1_77' title='bbox 725 1468 988 1543; x_wconf 77' lang='lat' dir='ltr'><strong>Quaeris</strong></span> <span class='ocrx_word' id='word_1_78' title='bbox 1007 1487 1125 1549; x_wconf 87' lang='lat' dir='ltr'><strong>pro</strong></span> <span class='ocrx_word' id='word_1_79' title='bbox 1147 1473 1363 1527; x_wconf 85' lang='lat' dir='ltr'><strong>nostra</strong></span> <span class='ocrx_word' id='word_1_80' title='bbox 1384 1484 1633 1547; x_wconf 85' lang='lat' dir='ltr'><strong>semper</strong></span> <span class='ocrx_word' id='word_1_81' title='bbox 1654 1468 1937 1529; x_wconf 79' lang='lat' dir='ltr'><strong>amicitia.</strong></span> 
     </span>
     <span class='ocr_line' id='line_1_15' title="bbox 643 1551 2105 1633; baseline 0.001 -21"><span class='ocrx_word' id='word_1_82' title='bbox 643 1553 711 1612; x_wconf 86' lang='lat' dir='ltr'><strong>Si</strong></span> <span class='ocrx_word' id='word_1_83' title='bbox 731 1553 1036 1617; x_wconf 86' lang='lat' dir='ltr'><strong>Perusina</strong></span> <span class='ocrx_word' id='word_1_84' title='bbox 1053 1552 1174 1621; x_wconf 84' lang='lat' dir='ltr'><strong>tibi</strong></span> <span class='ocrx_word' id='word_1_85' title='bbox 1193 1553 1431 1631; x_wconf 76' lang='lat' dir='ltr'><strong>patriae</strong></span> <span class='ocrx_word' id='word_1_86' title='bbox 1456 1558 1601 1612; x_wconf 87' lang='lat' dir='ltr'><strong>sunt</strong></span> <span class='ocrx_word' id='word_1_87' title='bbox 1620 1557 1770 1612; x_wconf 85' lang='lat' dir='ltr'><strong>nota</strong></span> <span class='ocrx_word' id='word_1_88' title='bbox 1794 1551 2105 1633; x_wconf 81' lang='lat' dir='ltr'><strong>sepulcra,</strong></span> 
     </span>
     <span class='ocr_line' id='line_1_16' title="bbox 723 1634 1805 1716; baseline 0.001 -20"><span class='ocrx_word' id='word_1_89' title='bbox 723 1634 938 1705; x_wconf 82' lang='lat' dir='ltr'><strong>Italiae</strong></span> <span class='ocrx_word' id='word_1_90' title='bbox 961 1634 1141 1705; x_wconf 73' lang='lat' dir='ltr'><strong>duris</strong></span> <span class='ocrx_word' id='word_1_91' title='bbox 1155 1635 1379 1696; x_wconf 70' lang='lat' dir='ltr'><strong>funera</strong></span> <span class='ocrx_word' id='word_1_92' title='bbox 1397 1637 1805 1716; x_wconf 81' lang='lat' dir='ltr'><strong>temporibus,</strong></span> 
     </span>
     <span class='ocr_line' id='line_1_17' title="bbox 567 1702 1943 1800; baseline 0.001 -19"><span class='ocrx_word' id='word_1_93' title='bbox 567 1730 600 1781; x_wconf 82' lang='lat'>5</span> <span class='ocrx_word' id='word_1_94' title='bbox 645 1721 799 1781; x_wconf 86' lang='lat' dir='ltr'><strong>Cum</strong></span> <span class='ocrx_word' id='word_1_95' title='bbox 825 1722 1100 1782; x_wconf 85' lang='lat' dir='ltr'><strong>Romana</strong></span> <span class='ocrx_word' id='word_1_96' title='bbox 1121 1739 1264 1781; x_wconf 81' lang='lat' dir='ltr'><strong>suos</strong></span> <span class='ocrx_word' id='word_1_97' title='bbox 1287 1702 1419 1800; x_wconf 69' lang='lat' dir='ltr'><strong>egit</strong></span> <span class='ocrx_word' id='word_1_98' title='bbox 1439 1718 1753 1781; x_wconf 79' lang='lat' dir='ltr'><strong>discordia</strong></span> <span class='ocrx_word' id='word_1_99' title='bbox 1774 1722 1943 1783; x_wconf 86' lang='lat' dir='ltr'><strong>cives</strong></span> 
     </span>
     <span class='ocr_line' id='line_1_18' title="bbox 725 1800 2185 1893; baseline 0 -26"><span class='ocrx_word' id='word_1_100' title='bbox 725 1800 868 1893; x_wconf 84' lang='lat' dir='ltr'><strong>(Sit</strong></span> <span class='ocrx_word' id='word_1_101' title='bbox 890 1808 1040 1867; x_wconf 87' lang='lat' dir='ltr'><strong>mihi</strong></span> <span class='ocrx_word' id='word_1_102' title='bbox 1059 1807 1399 1886; x_wconf 81' lang='lat' dir='ltr'><strong>praecipue</strong></span> <span class='ocrx_word' id='word_1_103' title='bbox 1420 1802 1623 1885; x_wconf 81' lang='lat' dir='ltr'><strong>pulvis</strong></span> <span class='ocrx_word' id='word_1_104' title='bbox 1643 1806 1911 1867; x_wconf 84' lang='lat' dir='ltr'><strong>Etrusca</strong></span> <span class='ocrx_word' id='word_1_105' title='bbox 1934 1805 2145 1868; x_wconf 89' lang='lat' dir='ltr'><strong>dolor:</strong></span> <span class='ocrx_word' id='word_1_106' title='bbox 2180 1825 2185 1829; x_wconf 87' lang='lat'>·</span> 
     </span>
     <span class='ocr_line' id='line_1_19' title="bbox 645 1890 2282 1973; baseline 0.001 -23"><span class='ocrx_word' id='word_1_107' title='bbox 645 1890 745 1951; x_wconf 87' lang='lat' dir='ltr'><strong>Tu</strong></span> <span class='ocrx_word' id='word_1_108' title='bbox 767 1893 1050 1971; x_wconf 86' lang='lat' dir='ltr'><strong>proiecta</strong></span> <span class='ocrx_word' id='word_1_109' title='bbox 1069 1891 1193 1951; x_wconf 88' lang='lat' dir='ltr'><strong>mei</strong></span> <span class='ocrx_word' id='word_1_110' title='bbox 1213 1908 1517 1971; x_wconf 81' lang='lat' dir='ltr'><strong>perpessa</strong></span> <span class='ocrx_word' id='word_1_111' title='bbox 1538 1908 1607 1965; x_wconf 77' lang='lat' dir='ltr'><strong>es</strong></span> <span class='ocrx_word' id='word_1_112' title='bbox 1629 1892 1907 1951; x_wconf 84' lang='lat' dir='ltr'><strong>membra</strong></span> <span class='ocrx_word' id='word_1_113' title='bbox 1926 1890 2282 1973; x_wconf 84' lang='lat' dir='ltr'><strong>propinqui,</strong></span> 
     </span>
     <span class='ocr_line' id='line_1_20' title="bbox 725 1968 1953 2059; baseline 0 -25"><span class='ocrx_word' id='word_1_114' title='bbox 725 1976 826 2034; x_wconf 87' lang='lat' dir='ltr'><strong>Tu</strong></span> <span class='ocrx_word' id='word_1_115' title='bbox 845 1975 1024 2039; x_wconf 79' lang='lat' dir='ltr'><strong>nullo</strong></span> <span class='ocrx_word' id='word_1_116' title='bbox 1047 1976 1262 2033; x_wconf 87' lang='lat' dir='ltr'><strong>miseri</strong></span> <span class='ocrx_word' id='word_1_117' title='bbox 1285 1975 1565 2050; x_wconf 81' lang='lat' dir='ltr'><strong>contegis</strong></span> <span class='ocrx_word' id='word_1_118' title='bbox 1588 1992 1729 2031; x_wconf 87' lang='lat' dir='ltr'><strong>ossa</strong></span> <span class='ocrx_word' id='word_1_119' title='bbox 1748 1968 1953 2059; x_wconf 77' lang='lat' dir='ltr'><strong>solo),</strong></span> 
     </span>
     <span class='ocr_line' id='line_1_21' title="bbox 641 2054 2555 2177; baseline 0.001 -60"><span class='ocrx_word' id='word_1_120' title='bbox 641 2057 930 2118; x_wconf 84' lang='lat' dir='ltr'><strong>Proxima</strong></span> <span class='ocrx_word' id='word_1_121' title='bbox 951 2057 1269 2136; x_wconf 77' lang='lat' dir='ltr'><strong>supposito</strong></span> <span class='ocrx_word' id='word_1_122' title='bbox 1295 2056 1660 2131; x_wconf 85' lang='lat' dir='ltr'><strong>contingens</strong></span> <span class='ocrx_word' id='word_1_123' title='bbox 1681 2054 1941 2126; x_wconf 82' lang='lat' dir='ltr'><strong>Umbria</strong></span> <span class='ocrx_word' id='word_1_124' title='bbox 1962 2078 2176 2139; x_wconf 88' lang='lat' dir='ltr'><strong>campo</strong></span> <span class='ocrx_word' id='word_1_125' title='bbox 2552 2058 2555 2177; x_wconf 37' lang='grc' dir='ltr'>ἱ</span> 
     </span>
     <span class='ocr_line' id='line_1_22' title="bbox 539 2137 2553 2299; baseline 0 -99"><span class='ocrx_word' id='word_1_126' title='bbox 539 2149 608 2200; x_wconf 91' lang='grc'><strong>10</strong></span> <span class='ocrx_word' id='word_1_127' title='bbox 727 2140 838 2201; x_wconf 89' lang='lat' dir='ltr'><strong>Me</strong></span> <span class='ocrx_word' id='word_1_128' title='bbox 863 2141 1080 2217; x_wconf 86' lang='lat' dir='ltr'><strong>genuit</strong></span> <span class='ocrx_word' id='word_1_129' title='bbox 1099 2140 1292 2219; x_wconf 85' lang='lat' dir='ltr'><strong>terris</strong></span> <span class='ocrx_word' id='word_1_130' title='bbox 1313 2137 1547 2199; x_wconf 87' lang='lat' dir='ltr'><strong>fertilis</strong></span> <span class='ocrx_word' id='word_1_131' title='bbox 1570 2139 1885 2218; x_wconf 82' lang='lat' dir='ltr'><strong>uberibus.</strong></span> <span class='ocrx_word' id='word_1_132' title='bbox 2550 2189 2553 2299; x_wconf 39' lang='grc' dir='ltr'><em>ᾗ</em></span> 
     </span>
    </p>
   </div>
   <div class='ocr_carea' id='block_1_5' title="bbox 639 2383 2160 2488">
    <p class='ocr_par' dir='ltr' id='par_1_12' title="bbox 639 2383 2160 2488">
     <span class='ocr_line' id='line_1_23' title="bbox 639 2383 2160 2488; baseline 0.007 -11"><span class='ocrx_word' id='word_1_133' title='bbox 639 2383 1059 2478; x_wconf 34' lang='grc' dir='ltr'><strong>’81ΈΧΛ</strong></span> <span class='ocrx_word' id='word_1_134' title='bbox 1168 2385 2160 2488; x_wconf 69' lang='grc' dir='ltr'><strong>ΡΙῑΟΙἘΙῑΤΙΙ</strong></span> 
     </span>
    </p>
   </div>
   <div class='ocr_carea' id='block_1_6' title="bbox 829 2550 2032 2763">
    <p class='ocr_par' dir='ltr' id='par_1_13' title="bbox 829 2550 2032 2763">
     <span class='ocr_line' id='line_1_24' title="bbox 945 2550 1774 2642; baseline 0 -7"><span class='ocrx_word' id='word_1_135' title='bbox 945 2632 964 2642; x_wconf 82' lang='grc'>,</span> <span class='ocrx_word' id='word_1_136' title='bbox 1093 2550 1774 2637; x_wconf 82' lang='lat' dir='ltr'><strong>ELEGIARUM</strong></span> 
     </span>
     <span class='ocr_line' id='line_1_25' title="bbox 829 2696 2032 2763; baseline 0.002 -5"><span class='ocrx_word' id='word_1_137' title='bbox 829 2696 2032 2763; x_wconf 75' lang='lat' dir='ltr'><strong>LlnERsEcuNDUS.</strong></span> 
     </span>
    </p>
   </div>
   <div class='ocr_carea' id='block_1_7' title="bbox 551 2850 2395 3559">
    <p class='ocr_par' dir='ltr' id='par_1_14' title="bbox 551 2850 2395 3559">
     <span class='ocr_line' id='line_1_26' title="bbox 562 2850 2276 2968; baseline 0.003 -24"><span class='ocrx_word' id='word_1_138' title='bbox 562 2851 606 2944; x_wconf 80' lang='lat'>1</span> <span class='ocrx_word' id='word_1_139' title='bbox 649 2850 992 2965; x_wconf 61' lang='lat' dir='ltr'><strong>Quaeritis,</strong></span> <span class='ocrx_word' id='word_1_140' title='bbox 1021 2886 1186 2946; x_wconf 87' lang='lat' dir='ltr'><strong>unde</strong></span> <span class='ocrx_word' id='word_1_141' title='bbox 1209 2888 1361 2947; x_wconf 87' lang='lat' dir='ltr'><strong>mihi</strong></span> <span class='ocrx_word' id='word_1_142' title='bbox 1382 2889 1617 2947; x_wconf 84' lang='lat' dir='ltr'><strong>totiens</strong></span> <span class='ocrx_word' id='word_1_143' title='bbox 1641 2890 1992 2950; x_wconf 84' lang='lat' dir='ltr'><strong>scribantur</strong></span> <span class='ocrx_word' id='word_1_144' title='bbox 2014 2906 2276 2968; x_wconf 83' lang='lat' dir='ltr'><strong>amores,</strong></span> 
     </span>
     <span class='ocr_line' id='line_1_27' title="bbox 720 2967 1986 3033; baseline 0.003 -4"><span class='ocrx_word' id='word_1_145' title='bbox 720 2970 904 3030; x_wconf 89' lang='lat' dir='ltr'><strong>Unde</strong></span> <span class='ocrx_word' id='word_1_146' title='bbox 927 2990 1102 3032; x_wconf 89' lang='lat' dir='ltr'><strong>meus</strong></span> <span class='ocrx_word' id='word_1_147' title='bbox 1121 2972 1331 3031; x_wconf 81' lang='lat' dir='ltr'><strong>veniat</strong></span> <span class='ocrx_word' id='word_1_148' title='bbox 1349 2967 1558 3031; x_wconf 74' lang='lat' dir='ltr'><strong>mollis</strong></span> <span class='ocrx_word' id='word_1_149' title='bbox 1581 2973 1649 3031; x_wconf 89' lang='lat' dir='ltr'><strong>in</strong></span> <span class='ocrx_word' id='word_1_150' title='bbox 1670 2991 1781 3030; x_wconf 85' lang='lat' dir='ltr'><strong>ora</strong></span> <span class='ocrx_word' id='word_1_151' title='bbox 1798 2970 1986 3033; x_wconf 87' lang='lat' dir='ltr'><strong>liber.</strong></span> 
     </span>
     <span class='ocr_line' id='line_1_28' title="bbox 640 3053 2286 3137; baseline 0.003 -24"><span class='ocrx_word' id='word_1_152' title='bbox 640 3053 696 3113; x_wconf 92' lang='lat' dir='ltr'>N</span> <span class='ocrx_word' id='word_1_153' title='bbox 699 3072 779 3113; x_wconf 90' lang='lat' dir='ltr'><strong>on</strong></span> <span class='ocrx_word' id='word_1_154' title='bbox 799 3055 956 3113; x_wconf 82' lang='lat' dir='ltr'><strong>haec</strong></span> <span class='ocrx_word' id='word_1_155' title='bbox 979 3053 1286 3136; x_wconf 81' lang='lat' dir='ltr'><strong>Calliope,</strong></span> <span class='ocrx_word' id='word_1_156' title='bbox 1309 3075 1434 3116; x_wconf 85' lang='lat' dir='ltr'><strong>non</strong></span> <span class='ocrx_word' id='word_1_157' title='bbox 1455 3057 1608 3115; x_wconf 82' lang='lat' dir='ltr'><strong>haec</strong></span> <span class='ocrx_word' id='word_1_158' title='bbox 1632 3056 1784 3115; x_wconf 80' lang='lat' dir='ltr'><strong>mihi</strong></span> <span class='ocrx_word' id='word_1_159' title='bbox 1808 3060 2015 3115; x_wconf 83' lang='lat' dir='ltr'><strong>cantat</strong></span> <span class='ocrx_word' id='word_1_160' title='bbox 2035 3053 2286 3137; x_wconf 81' lang='lat' dir='ltr'><strong>Apollo,</strong></span> 
     </span>
     <span class='ocr_line' id='line_1_29' title="bbox 720 3135 1817 3221; baseline 0.003 -24"><span class='ocrx_word' id='word_1_161' title='bbox 720 3135 1042 3215; x_wconf 85' lang='lat' dir='ltr'><strong>Ingenium</strong></span> <span class='ocrx_word' id='word_1_162' title='bbox 1059 3142 1241 3199; x_wconf 84' lang='lat' dir='ltr'><strong>nobis</strong></span> <span class='ocrx_word' id='word_1_163' title='bbox 1263 3142 1399 3219; x_wconf 84' lang='lat' dir='ltr'><strong>ipsa</strong></span> <span class='ocrx_word' id='word_1_164' title='bbox 1417 3139 1629 3221; x_wconf 88' lang='lat' dir='ltr'><strong>puella</strong></span> <span class='ocrx_word' id='word_1_165' title='bbox 1648 3141 1817 3200; x_wconf 85' lang='lat' dir='ltr'><strong>facit.</strong></span> 
     </span>
     <span class='ocr_line' id='line_1_30' title="bbox 551 3219 2393 3306; baseline 0.005 -26"><span class='ocrx_word' id='word_1_166' title='bbox 551 3230 599 3281; x_wconf 52' lang='lat'><strong>&lt;5</strong></span> <span class='ocrx_word' id='word_1_167' title='bbox 644 3220 786 3281; x_wconf 86' lang='lat' dir='ltr'><strong>Sive</strong></span> <span class='ocrx_word' id='word_1_168' title='bbox 807 3219 984 3300; x_wconf 81' lang='lat' dir='ltr'><strong>lyrae</strong></span> <span class='ocrx_word' id='word_1_169' title='bbox 1009 3240 1258 3282; x_wconf 85' lang='lat' dir='ltr'><strong>carmen</strong></span> <span class='ocrx_word' id='word_1_170' title='bbox 1281 3222 1493 3303; x_wconf 79' lang='lat' dir='ltr'><strong>digitis</strong></span> <span class='ocrx_word' id='word_1_171' title='bbox 1510 3226 1821 3305; x_wconf 85' lang='lat' dir='ltr'><strong>percussit</strong></span> <span class='ocrx_word' id='word_1_172' title='bbox 1842 3226 2117 3306; x_wconf 82' lang='lat' dir='ltr'><strong>eburnis,</strong></span> <span class='ocrx_word' id='word_1_173' title='bbox 2357 3236 2393 3289; x_wconf 88' lang='grc'><strong>9</strong></span> 
     </span>
     <span class='ocr_line' id='line_1_31' title="bbox 721 3304 2395 3390; baseline 0.005 -26"><span class='ocrx_word' id='word_1_174' title='bbox 721 3306 1046 3381; x_wconf 79' lang='lat' dir='ltr'><strong>Miramur,</strong></span> <span class='ocrx_word' id='word_1_175' title='bbox 1071 3304 1292 3367; x_wconf 85' lang='lat' dir='ltr'><strong>faciles</strong></span> <span class='ocrx_word' id='word_1_176' title='bbox 1319 3314 1391 3369; x_wconf 88' lang='lat' dir='ltr'><strong>ut</strong></span> <span class='ocrx_word' id='word_1_177' title='bbox 1408 3316 1653 3390; x_wconf 88' lang='lat' dir='ltr'><strong>premat</strong></span> <span class='ocrx_word' id='word_1_178' title='bbox 1674 3316 1809 3371; x_wconf 86' lang='lat' dir='ltr'><strong>arte</strong></span> <span class='ocrx_word' id='word_1_179' title='bbox 1832 3330 2076 3373; x_wconf 86' lang='lat' dir='ltr'><strong>manus:</strong></span> <span class='ocrx_word' id='word_1_180' title='bbox 2325 3322 2395 3372; x_wconf 83' lang='lat'><strong>10</strong></span> 
     </span>
     <span class='ocr_line' id='line_1_32' title="bbox 637 3387 2394 3480; baseline 0.007 -33"><span class='ocrx_word' id='word_1_181' title='bbox 637 3387 763 3450; x_wconf 87' lang='lat' dir='ltr'><strong>Seu</strong></span> <span class='ocrx_word' id='word_1_182' title='bbox 781 3388 910 3449; x_wconf 82' lang='lat' dir='ltr'><strong>vidi</strong></span> <span class='ocrx_word' id='word_1_183' title='bbox 933 3389 1012 3449; x_wconf 88' lang='lat' dir='ltr'><strong>ad</strong></span> <span class='ocrx_word' id='word_1_184' title='bbox 1031 3390 1305 3451; x_wconf 87' lang='lat' dir='ltr'><strong>frontem</strong></span> <span class='ocrx_word' id='word_1_185' title='bbox 1328 3412 1574 3473; x_wconf 73' lang='lat' dir='ltr'><strong>asparso</strong></span> <span class='ocrx_word' id='word_1_186' title='bbox 1598 3413 1815 3456; x_wconf 87' lang='lat' dir='ltr'><strong>errare</strong></span> <span class='ocrx_word' id='word_1_187' title='bbox 1842 3394 2119 3476; x_wconf 83' lang='lat' dir='ltr'><strong>capillos,</strong></span> <span class='ocrx_word' id='word_1_188' title='bbox 2359 3426 2394 3480; x_wconf 71' lang='lat' dir='ltr'><strong>‘c&#39;</strong></span> 
     </span>
     <span class='ocr_line' id='line_1_33' title="bbox 723 3471 2391 3559; baseline 0.007 -28"><span class='ocrx_word' id='word_1_189' title='bbox 723 3471 968 3537; x_wconf 78' lang='lat' dir='ltr'><strong>Gaudet</strong></span> <span class='ocrx_word' id='word_1_190' title='bbox 987 3471 1254 3534; x_wconf 77' lang='lat' dir='ltr'><strong>laudatis</strong></span> <span class='ocrx_word' id='word_1_191' title='bbox 1276 3476 1373 3537; x_wconf 87' lang='lat' dir='ltr'><strong>ire</strong></span> <span class='ocrx_word' id='word_1_192' title='bbox 1398 3482 1667 3559; x_wconf 84' lang='lat' dir='ltr'><strong>superba</strong></span> <span class='ocrx_word' id='word_1_193' title='bbox 1688 3482 1909 3541; x_wconf 84' lang='lat' dir='ltr'><strong>comis:</strong></span> <span class='ocrx_word' id='word_1_194' title='bbox 2354 3495 2391 3549; x_wconf 83' lang='grc'>8</span> 
     </span>
    </p>
   </div>
  </div>
 </body>
</html>
