2592 3867
833 188 1215 255 monn
1295 192 1563 273 V‚1‚2

275 368 378 424 125
421 359 912 439 Scandentisquc
934 361 1102 421 Asisi
1124 361 1442 437 consurgit
1466 362 1703 425 vertice
1730 382 1959 445 murus,

504 444 724 506 Murus
748 445 823 504 ab
846 444 1096 523 ingenio
1119 444 1329 503 notior
1348 441 1459 503 ille
1482 450 1608 505 tuo.

424 528 704 607 Ossaque
721 527 934 607 legisti
955 546 1080 587 non
1100 526 1208 587 illa
1229 532 1433 587 aetate
1454 524 1723 607 legenda

501 610 708 672 Patris
727 614 880 672 etin
901 617 1123 672 tenues
1145 612 1391 689 cogeris
1416 612 1553 691 ipse
1572 611 1799 673 Lares:

421 694 575 755 Nam
597 702 704 756 tuo
726 715 860 755 cum
881 694 1064 755 multi
1085 701 1410 755 versarent
1430 714 1577 755 rura
1596 697 1860 775 iuvenci,

273 786 378 841 130
496 778 773 840 Abstulit
791 777 1068 839 excultus
1089 780 1333 857 pertica
1351 780 1551 839 tristis
1576 798 1747 861 opes.

419 862 570 922 Mox
591 864 697 923 ubi
719 861 884 923 bulla
903 862 1046 923 rudi
1069 860 1337 922 demisso
1358 870 1457 923 est
1479 882 1663 924 aures
1686 863 1873 944 collo,

501 946 726 1005 Matris
749 952 816 1005 et
844 951 997 1010 anto
1011 945 1162 1004 deos
1181 944 1390 1004 libera
1409 952 1651 1025 sumpta
1668 954 1833 1025 toga,

421 1027 582 1088 Tum
602 1030 718 1088 tibi
738 1048 932 1108 pauca
953 1048 1062 1088 suo
1087 1028 1165 1088 de
1189 1030 1461 1088 carmine
1482 1027 1677 1089 dictat
1697 1030 1921 1110 Apollo

501 1112 586 1172 Et
604 1118 775 1172 vetut
796 1112 1012 1172 insano
1033 1113 1223 1172 verbu
1245 1118 1467 1172 tonare
1488 1112 1649 1175 foro.

272 1205 374 1261 135
416 1196 501 1256 At
521 1202 592 1256 tu
614 1196 782 1273 finge
805 1194 1039 1274 elegos,
1060 1192 1254 1255 fallax
1277 1214 1451 1275 opus,
1472 1196 1631 1257 haec
1648 1202 1756 1257 tua
1776 1205 1997 1279 eun-n,

502 1279 748 1339 Scribat
766 1286 838 1339 ut
861 1278 1146 1359 exemplo
1171 1285 1385 1339 cetero
1404 1281 1588 1340 turba
1606 1286 1736 1347 tuo.

419 1362 712 1424 Militiam
729 1363 1000 1424 Veneris
1015 1362 1262 1424 blandis
1283 1363 1529 1443 patiere
1548 1366 1662 1425 sub
1684 1368 1869 1425 armis
1932 1392 1937 1395 ·

495 1447 580 1509 Et
600 1448 870 1509 Veneris
890 1448 1104 1528 pueris
1127 1444 1303 1508 utilis
1325 1447 1525 1508 hostis
1548 1450 1691 1518 eris.

412 1528 568 1589 Nam
585 1532 703 1591 tibi
723 1532 1012 1591 victrices
1035 1538 1447 1609 quoscumque
1466 1528 1685 1593 labore
1705 1536 1957 1614 parasti,

269 1622 374 1677 140
479 1612 725 1673 Eludet
744 1612 978 1693 polmus
998 1632 1120 1673 una
1137 1612 1353 1692 puella
1369 1619 1537 1673 tuusz

414 1697 499 1758 Et
519 1697 681 1756 bene
705 1716 844 1755 cum
859 1697 1047 1757 fixum
1067 1702 1278 1755 mento
1302 1693 1669 1757 discusseris
1688 1718 1933 1778 uncum,

497 1778 602 1839 Nil
623 1780 749 1840 erit
768 1780 910 1856 hoc,
931 1785 1138 1838 rostro
1161 1785 1226 1837 te
1248 1784 1496 1857 premet
1517 1799 1663 1839 ansa
1684 1800 1811 1843 suo.

413 1860 590 1923 Illius
611 1863 870 1922 arbitrio
891 1868 1140 1922 noctem
1159 1860 1487 1940 lucemque
1508 1862 1777 1931 videbis:

499 1947 690 2009 Gutta
712 1964 957 2025 quoque
982 1964 1058 2006 ex
1079 1943 1277 2005 oculis
1300 1964 1425 2005 non
1444 1946 1567 2005 nisi
1587 1947 1753 2007 iusso
1776 1947 1976 2011 cadet.

267 2036 370 2091 145
412 2029 542 2090 Nec
565 2029 734 2091 mille
759 2030 1053 2091 excubiae
1079 2047 1198 2089 nec
1218 2035 1286 2088 te
1309 2030 1545 2107 signatu
1563 2029 1859 2091 iuvabunt

492 2114 763 2175 Limina:
805 2131 1138 2193 persuasae
1159 2110 1389 2173 fallere
1412 2114 1567 2173 rimu
1587 2119 1684 2174 sot
1705 2120 1819 2175 est.

345 2232 350 2241 ·
414 2197 590 2258 Nunc
611 2205 717 2258 tua
735 2196 839 2258 vel
857 2196 1080 2258 mediis
1100 2198 1325 2278 puppis
1347 2195 1621 2258 luctetur
1639 2198 1716 2263 in
1732 2196 1937 2277 undis,

496 2280 618 2342 Vel
636 2277 793 2341 licet
811 2283 1060 2343 armati·
1082 2282 1280 2341 hostis
1302 2282 1559 2341 inermis
1582 2299 1708 2359 eas,

415 2362 541 2433 Vel
562 2365 928 2426 tremefacto
949 2362 1311 2429 cavotellus
1334 2364 1585 2426 diducat
1605 2365 1861 2445 histum,

267 2455 372 2508 150
494 2447 816 2528 Octipedis
841 2449 1066 2508 Cancri
1087 2453 1266 2525 terga
1295 2449 1544 2509 sinistra
1565 2449 1761 2508 time?

329 2580 385 2671 2
418 2576 591 2680 Quid
607 2613 836 2671 mirare
857 2629 1026 2671 meus
1045 2617 1144 2671 tot
1161 2612 1228 2671 in
1248 2630 1372 2671 uno
1397 2629 1661 2691 corpore
1685 2611 1914 2672 formas
1927 2612 1960 2671 2²

496 2696 729 2774 Accipe
750 2695 1080 2757 Vertumni
1101 2695 1276 2772 signs
1291 2699 1555 2773 paterna
1575 2691 1698 2755 dei.

417 2777 658 2839 Tuscus
681 2796 796 2856 ego
821 2782 888 2837 et
911 2778 1132 2839 Tuscis
1156 2780 1347 2855 orior,
1369 2796 1487 2837 nec
1513 2778 1795 2857 paenitet
1812 2778 1982 2840 inter

496 2860 748 2922 Proelia
769 2858 1086 2923 Volsinios
1109 2860 1463 2922 deseruisse
1490 2862 1682 2923 focos.

339 2953 372 3007 5
415 2946 590 3007 Haec
609 2966 708 3007 me
728 2947 914 3007 turbu
933 2946 1118 3022 iuvat,
1144 2964 1262 3006 nec
1281 2945 1517 3025 templo
1538 2945 1743 3006 laetor
1762 2948 2031 3009 eburno:

495 3030 832 3092 Romanum
853 3031 1002 3091 sutis
1025 3036 1122 3089 est
1143 3045 1328 3110 posse
1349 3030 1567 3090 videre
1586 3029 1808 3090 forum.

412 3114 546 3174 Hac
569 3114 876 3194 quondam
901 3112 1238 3174 Tiberinus
1257 3114 1384 3173 iter
1404 3114 1693 3193 faciebat,
1718 3119 1785 3175 et
1805 3116 1976 3175 aiunt

494 3196 825 3258 Remorum
847 3196 1090 3258 auditos
1110 3216 1228 3278 per
1246 3196 1401 3258 voda
1420 3195 1599 3278 pulsa
1620 3217 1835 3258 sonos:

410 3280 498 3341 At
517 3286 841 3359 postqum
860 3279 975 3341 ille
997 3283 1124 3341 suis
1145 3287 1385 3342 tontum
1407 3283 1717 3343 concessit
1736 3281 2013 3359 alumnis,

304 3370 372 3423 10
492 3363 872 3431 Vertumnus
891 3383 1071 3425 verso
1097 3363 1272 3425 dicor
1293 3368 1369 3426 ab
1394 3384 1569 3425 amne
1594 3363 1763 3424 deus.

413 3444 558 3526 Seu,
583 3448 726 3527 quio
745 3450 1050 3509 vertentis
1069 3448 1341 3510 fructum
1360 3448 1789 3529 praecepimus
1812 3444 1977 3521 unni,
