2592 3867
469 206 552 271 68
1087 193 1809 260 PROPERTII

718 370 1082 431 Parrhasius
1105 384 1290 447 parva
1310 362 1585 425 vindicat
1606 367 1741 423 arte
1763 361 1990 442 locum,

637 456 1019 533 Argumenta
1039 451 1230 528 magis
1253 453 1397 509 sunt
1416 447 1729 509 Mentoris
1752 444 1964 507 addita
1984 447 2249 533 formae,

717 539 804 599 At
823 537 1007 615 Myos
1030 536 1315 613 exiguum
1333 532 1535 591 flectit
1556 530 1851 591 acanthus
1874 532 2021 610 iter,

537 632 603 686 15
644 606 1173 697 Phidiacus'siguo
1197 634 1266 676 se
1287 616 1567 695 Iuppiter
1589 610 1777 674 ornat'
1792 614 2054 694 eburno,

719 702 1077 765 Praxitelen
1097 700 1352 781 propria
1370 697 1642 759 vindicat
1657 697 1818 759 urbe
1838 697 2019 779 lapis.
2050 698 2056 705 ’

639 790 756 851 Est
779 788 999 866 quibus
1019 783 1214 846 Eleae
1237 784 1556 844 concurrit
1572 778 1777 861 palma
1799 781 2155 865 quadrigae,
2286 814 2295 823 ·

719 872 836 933 Est
859 870 1078 949 quibus
1097 870 1164 928 ln
1188 864 1431 927 celeres
1454 864 1649 944 gloria
1670 872 1815 926 nata
1834 865 2063 947 pedes3

639 955 762 1015 Hic
783 959 950 1014 satus
973 951 1050 1012 ad
1063 969 1307 1032 -pacem,
1329 951 1431 1009 hic
1450 951 1872 1010 'castrensibus
1896 947 2067 1012 utilis
2090 954 2309 1015 armis:

536 1050 607 1101 20
727 1037 998 1099 Naturae
1025 1036 1306 1115 sequitur
1328 1035 1561 1095 semina
1585 1034 1845 1113 quisque
1868 1052 2035 1099 suae.
2103 1108 2110 1113 ⁵

641 1124 726 1183 At
747 1128 873 1199 tua,
895 1120 1250 1197 Maecenas,
1271 1118 1435 1177 vitae
1456 1124 1791 1197 praecepta
1812 1120 2047 1199 recepi,

725 1206 932 1283 Cogor
956 1210 1022 1263 ct
1043 1201 1340 1282 exemplis
1360 1208 1426 1261 te
1456 1218 1753 1281 superare
1774 1202 1915 1262 tuis.

643 1290 800 1348 Cum
818 1287 935 1346 tibi
957 1286 1229 1346 Romano
1255 1283 1531 1345 dominas
1554 1286 1621 1345 in
1641 1286 1881 1345 honore
1902 1303 2155 1347 secures

722 1371 807 1432 Et
825 1367 1018 1429 liceat
1039 1368 1244 1428 medio
1269 1386 1510 1449 ponere
1530 1370 1669 1428 iura
1686 1369 1847 1447 foro,

535 1465 605 1517 25
645 1454 767 1517 Vel
785 1454 902 1513 tibi
925 1451 1256 1514 Medorum
1276 1470 1587 1533 pugnaces
1608 1453 1706 1513 ire
1727 1470 1843 1534 per
1861 1452 2075 1515 hostes
2312 1470 2346 1478 ‘

719 1539 928 1617 Atque
941 1554 1215 1597 onerare
1236 1542 1403 1597 tuam
1422 1536 1543 1597 fixa
1560 1554 1678 1618 per
1701 1556 1867 1597 arma
1888 1534 2153 1617 domum,

638 1622 724 1683 Et
742 1622 858 1681 tibi
881 1620 959 1681 ad
981 1620 1459 1681 effectum·vires
1483 1620 1593 1681 det
1614 1621 1844 1683 Caesar
1867 1627 1933 1681 et
1953 1622 2117 1681 omni

723 1705 1038 1787 Tempore
1061 1711 1188 1766 tam
1206 1705 1425 1767 faciles
1444 1706 1839 1767 insinuentur
1864 1721 2036 1785 opes,

635 1788 850 1851 Parcis
875 1797 941 1850 et
960 1792 1025 1852 in
1047 1795 1268 1850 tenues
1290 1787 1586 1851 humilem
1606 1794 1673 1849 te
1700 1788 1942 1869 colligis
1966 1789 2241 1849 umbras:
2338 1818 2343 1823 ·

531 1882 601 1936 30
721 1874 1018 1936 Velorum
1039 1873 1260 1954 plenos
1281 1874 1593 1933 subtrahis
1616 1874 1753 1954 ipse
1778 1876 1967 1955 sinus.

639 1956 846 2019 Crede
868 1960 1313 2034 mihi,·magnos
1336 1956 1686 2034 aequabunt
1708 1958 1829 2017 ista
1852 1953 2148 2017 Camillos

717 2038 950 2098 Iudicia
971 2044 1037 2097 et
1059 2040 1272 2097 venies
1293 2043 1366 2095 tu
1389 2055 1632 2116 quoque
1654 2038 1719 2097 in
1744 2056 1854 2097 ora
1877 2042 2097 2117 virum,

636 2121 919 2181 Caesaris
942 2128 1010 2179 et
1026 2120 1225 2178 famae
1245 2121 1505 2197 vestigia
1524 2121 1731 2178 iuncta
1750 2120 1997 2180 tenebis
2013 2140 2029 2177 ε

716 2204 1100 2264 Maecenatis
1123 2209 1310 2262 erunt
1327 2220 1474 2261 vera
1493 2208 1749 2282 tropaea
1768 2203 1945 2265 fides.

526 2294 593 2348 35
634 2286 775 2347 Non
797 2302 911 2363 ego
934 2282 1193 2345 velifera
1212 2285 1515 2345 tumidum
1534 2305 1705 2347 mare
1724 2287 1897 2349 findo
1920 2291 2159 2351 carina:

716 2367 880 2429 Tota
901 2369 1013 2429 sub
1037 2369 1256 2447 exiguo
1277 2370 1529 2445 flumine
1550 2376 1767 2431 nostra
1786 2392 1958 2433 mora
1981 2380 2095 2434 est.

632 2451 773 2513 Non
792 2452 957 2513 flebo
979 2453 1046 2511 in
1067 2454 1313 2513 cineres
1336 2472 1543 2515 arcem
1564 2452 1803 2516 sedisse
1829 2462 2124 2537 paternos

715 2535 932 2597 Cadmi
958 2555 1075 2597 nec
1099 2543 1339 2618 septem
1358 2537 1600 2618 proelia
1622 2538 1797 2600 clade
1818 2542 1976 2621 pari,

629 2619 761 2681 Nec
781 2622 1053 2681 referam
1076 2620 1298 2682 Scaeas
1322 2628 1388 2681 et
1406 2622 1708 2703 Pergama
1728 2624 2034 2705 Apollinis
2056 2642 2255 2704 arces,

523 2710 595 2764 40
713 2704 799 2767 Et
818 2705 1092 2765 Danaum
1114 2704 1355 2767 decimo
1375 2724 1522 2767 vere
1543 2706 1787 2767 redisse
1811 2714 2001 2785 rates,

632 2788 887 2850 Moenia
909 2808 1045 2849 cum
1067 2788 1256 2851 Graio
1276 2790 1588 2870 Neptunia
1606 2794 1840 2872 pressit
1864 2797 2067 2853 aratro

710 2872 931 2934 Victor
951 2870 1266 2933 Palladiae
1288 2871 1541 2951 ligneus
1560 2876 1711 2935 artis
1740 2894 1951 2953 equus.

629 2956 800 3015 Inter
822 2954 1189 3017 Callimachi
1213 2962 1308 3016 sat
1330 2958 1455 3017 erit
1472 2956 1780 3037 placuisse
1800 2956 2055 3019 libellos

708 3038 793 3098 Et
815 3042 1117 3101 cecinisse
1139 3040 1359 3118 modis,
1382 3041 1513 3101 Coe
1533 3046 1739 3120 poeta,
1760 3041 1902 3101 tuis.

523 3126 592 3181 45
632 3120 808 3181 Haec
831 3138 1060 3200 pueros
1082 3130 1284 3201 urant,
1310 3126 1465 3185 haec
1486 3129 1670 3185 urant
1692 3125 1926 3204 scripta
1945 3123 2207 3206 puellas,

641 3236 650 3243 ·
708 3198 944 3281 Meque
971 3204 1152 3265 deum
1175 3206 1443 3267 clament
1464 3213 1531 3267 et
1548 3207 1700 3267 mihi
1722 3226 1898 3267 sacra
1914 3209 2142 3269 ferant.

627 3284 725 3345 Te
748 3285 903 3346 duce
923 3286 1024 3347 vel
1045 3288 1204 3348 Iovis
1229 3309 1396 3351 arma
1418 3310 1627 3351 canam
1650 3290 1946 3371 caeloque
1967 3294 2309 3353 minantem

707 3368 942 3435 coeam
965 3378 1032 3431 et
1052 3369 1418 3450 Phlegraeis
1442 3373 1863 3436 Oromedonta
1884 3377 2066 3455 iugis,

627 3450 936 3533 Galsaque
957 3452 1247 3515 Romanis
1273 3454 1572 3537 decerpta
1591 3458 1815 3538 palatia
1835 3461 2028 3521 tauris
