2592 3867
407 190 488 254 98
1003 187 1723 253 PROPERTII

487 404 539 497 6
571 400 772 499 Sacra
795 440 946 500 facit
968 445 1170 498 vates:
1217 440 1343 499 sint
1364 457 1473 499 ora
1493 438 1762 499 faventia
1782 442 1997 520 saeris,

651 524 734 584 Et
756 522 933 583 cadat
957 529 1100 583 ante
1125 540 1296 583 meos
1321 524 1445 583 icta
1468 524 1725 583 iuvenca
1743 524 1937 587 focos.

574 608 736 668 Cera
756 604 1096 667 Philetaeis
1120 611 1325 667 certet
1342 605 1615 665 Romana
1637 608 1967 687 corymbis,

649 690 734 751 Et
755 690 1106 769 Cyrenaeas
1127 708 1282 749 urna
1303 691 1615 749 ministret
1638 708 1841 769 aquas.

496 787 527 837 5
572 775 825 835 Costum
845 771 1038 835 molle
1063 773 1204 833 date
1229 780 1295 833 et
1315 771 1697 833 blandimihi
1720 776 1877 834 turis
1898 774 2191 852 honores,

653 857 907 936 Terque
930 857 1134 919 focum
1157 859 1322 918 circa
1341 855 1559 917 laneus
1584 858 1753 917 orbis
1776 864 1895 919 eat.

571 942 856 1023 Spargite
876 960 974 1001 me
995 940 1283 1021 lymphis,
1309 958 1679 1020 carmenque
1700 942 2057 1003 recentibus
2078 942 2201 1002 aris

649 1024 833 1086 Tibia
853 1024 1208 1104 Mygdoniis
1235 1026 1393 1087 libet
1416 1026 1649 1085 eburna
1670 1025 1857 1086 cadis.

568 1111 660 1169 Ite
681 1106 903 1189 procul
921 1109 1194 1186 fraudes,
1217 1107 1337 1169 alio
1358 1110 1483 1169 sint
1502 1126 1649 1170 aere
1672 1128 1901 1170 noxae:

465 1204 531 1255 10
649 1194 818 1253 Pura
835 1212 1057 1255 novum
1075 1194 1200 1255 vati
1217 1194 1431 1257 laurea
1450 1191 1653 1255 mollit
1672 1196 1814 1255 iter.

567 1277 766 1353 Musa,
787 1274 1054 1337 Palatini
1073 1278 1421 1347 referemus
1444 1276 1757 1357 ApoUinis
1783 1275 2033 1337 aedem:

647 1360 774 1420 Res
797 1367 914 1437 est,
937 1358 1244 1441 Calliope,
1266 1360 1455 1439 digna
1472 1362 1685 1422 favore
1707 1367 1831 1422 tu'o.

569 1444 850 1505 Caesaris
872 1446 939 1503 in
959 1463 1184 1505 nomen
1211 1443 1517 1505 ducuntur
1542 1446 1838 1506 carmina:
1884 1445 2113 1505 Caesar

648 1528 806 1587 Dum
829 1528 1090 1605 canitur,
1115 1546 1365 1607 quaeso,
1390 1530 1669 1610 Iuppiter
1690 1531 1823 1609 ipse
1848 1546 2044 1589 vaces.

462 1623 526 1675 15
566 1613 683 1674 Est
701 1611 941 1672 Phoebi
961 1612 1206 1691 fugiens
1233 1614 1569 1675 Athamana
1590 1613 1667 1673 ad
1688 1612 1877 1675 litora
1896 1618 2132 1693 portus,

645 1697 776 1773 Qua
800 1698 970 1757 sinus
991 1698 1198 1757 Ioniae
1219 1716 1530 1759 murmura
1552 1697 1765 1759 condit
1786 1714 2001 1777 aquae,

564 1781 743 1840 Aetia
765 1779 972 1841 Iuleae
992 1780 1248 1861 pelagus
1269 1784 1645 1843 monimenta
1665 1782 1933 1858 carinae,

576 1888 598 1897 ··
642 1865 974 1927 Nautarum
993 1867 1152 1927 votis
1171 1884 1296 1925 non
1320 1884 1583 1946 operosa
1601 1868 1715 1927 via.
2134 1888 2274 1944 ,s

561 1950 706 2008 Huc.
722 1949 932 2027 mundi
955 1951 1164 2009 coiere
1186 1968 1428 2025 manus:
1472 1951 1648 2009 stetit
1661 1966 1941 2027 ,aequor-„e
1962 1944 2159 2007 moles

453 2040 524 2091 20
640 2033 856 2108 Pinea,
875 2049 994 2091 nec
1015 2034 1213 2093 remis.
1226 2034 1687 2111 aequa.favebat
1708 2033 1855 2105 avia.

559 2113 778 2179 Altera
801 2114 1014 2182 classis
1038 2122 1174 2177 erat
1189 2116 1443 2183 Teucro
1472 2113 1753 2176 damnata
1778 2112 2058 2187 Quirino,

636 2196 898 2276 Pilaque
920 2198 1190 2275 femInea
1209 2200 1639 2277 turpiteracta
1658 2215 1869 2263 mann:

557 2282 720 2367 Hinc
741 2281 1016 2357 Augusta
1037 2282 1190 2369 ratig
1209 2279 1417 2359 plenis
1437 2282 1595 2341 Iovis
1620 2281 1824 2340 omine
1845 2276 2004 2338 velis

637 2364 945 2442 Signaque
967 2364 1086 2425 iam
1105 2366 1346 2444 patriae
1371 2366 1623 2447 vincere
1649 2362 1831 2433 (locta
1854 2376 2019 2424 suffe.

448 2456 514 2509 25
561 2446 840 2507 Tandem
863 2448 1026 2507 acies
1049 2448 1326 2526 geminos
1347 2447 1589 2509 Nereus
1608 2449 1853 2511 lunarat
1872 2448 1939 2506 in
1964 2464 2159 2523 arcus,

637 2533 964 2592 Armorum
983 2532 1174 2603 radiis
1193 2533 1365 2612 picta
1381 2534 1689 2594 tremebat
1710 2552 1885 2613 aqua,

558 2618 712 2678 Cum
733 2616 1020 2677 Phoebus
1043 2615 1333 2696 linquens
1358 2623 1624 2677 stantem
1647 2635 1715 2676 se
1736 2614 1981 2683 vindice
2003 2613 2203 2675 Delon

641 2694 835 2785 (Nam
857 2698 1005 2760 tulit
1025 2700 1483 2761 iratosmobilis
1503 2692 1885 2780 una—Notos]

553 2784 772 2844 Astitit
794 2770 1056 2863 Augusti
1077 2786 1331 2865 puppim
1352 2804 1561 2863 super,
1584 2793 1651 2845 et
1672 2804 1829 2845 nova
1844 2778 2091 2845 'flamma

448 2873 516 2927 30
638 2867 824 2928 Luxit
845 2870 910 2930 in
933 2867 1240 2947 obliquam
1263 2874 1365 2927 ter
1388 2870 1627 2929 sinuata
1646 2869 1863 2927 facem.

552 2950 690 3010 Non
718 2951 832 3011 ille
845 2951 1150 3018 attulerat
1173 2952 1377 3032 crines
1394 2953 1462 3011 in
1486 2950 1651 3019 colla
1672 2951 1905 3009 solutos

633 3036 759 3093 Aut
781 3035 1170 3097 testudineae
1197 3037 1704 3095 carmen-inerme
1724 3031 1922 3111 lyrae,

555 3116 682 3179 Sed
707 3114 873 3195 quali
896 3120 1134 3204 aspexit
1152 3118 1495 3200 Pelopeum
1515 3122 1971 3197 Agamemnona
1993 3113 2183 3191 vultu,

632 3201 1004 3279 Egessitqne
1031 3202 1222 3261 avidis
1244 3204 1470 3264 Dorica
1493 3208 1693 3263 castra
1712 3200 1903 3278 rogis,

443 3291 512 3343 35
556 3286 682 3354 Aut
706 3282 900 3364 qualis
918 3285 1111 3345 flexos
1126 3283 1321 3346 solvit
1342 3287 1625 3366 Pythona
1642 3304 1759 3365 per
1782 3286 1969 3346 orbes

632 3368 1022 3449 Serpentem,
1048 3367 1319 3429 inbelles
1342 3388 1525 3448 quem
1544 3371 1810 3430 timuere
1830 3365 2025 3447 lyrae.
2064 3380 2071 3387 ·

550 3451 700 3511 Mox
722 3453 807 3510 ait
833 3456 892 3511 ‘o
913 3451 1098 3531 longa
1119 3451 1330 3512 mundi
1350 3460 1631 3514 servator
1654 3454 1729 3514 ab
1752 3450 1931 3529 Alba,
2024 3452 2158 3496 *¹¹*-
