2592 3867
758 212 1144 277 LIBER
1203 212 1583 295 JII‚3‚4‚5.
1987 212 2131 283 33

383 386 564 446 Desit
585 383 921 445 odoriferis
946 381 1100 442 ordo
1123 383 1275 442 mihi
1293 382 1592 462 lancibuS,
1624 382 1828 445 adsint

462 466 688 528 Plebei
708 484 932 546 parvae
951 466 1192 526 funeris
1216 466 1534 546 exequiae.

283 617 288 623 ,
385 552 494 613 Sat
517 568 656 611 mea
676 556 772 609 sat
791 568 1006 628 magna
1030 555 1146 627 est,
1170 550 1223 609 si
1243 556 1379 610 tres
1401 552 1527 609 sint
1544 570 1768 632 pompa
1785 550 2007 633 libelli,
2060 563 2129 617 25

277 646 350 699 lo
474 636 640 712 Quos
665 652 782 711 ego
799 633 1240 713 Persephonae
1261 634 1521 693 maxima
1542 633 1703 695 (lona
1721 636 1938 699 feram.

388 720 488 780 Tu
513 737 661 778 vero
683 715 916 777 nudum
936 723 1154 797 pectus
1178 715 1451 778 lacerata
1472 720 1757 798 sequeris

467 802 600 862 Nec
619 801 816 861 fueris
837 818 1065 861 nomen
1084 798 1248 861 lassa
1263 820 1489 861 vocare
1510 820 1733 880 meum,

385 884 731 964 Osculaque
751 886 820 943 in
843 883 1065 962 gelidis
1086 902 1284 964 pones
1306 904 1591 965 suprema
1616 884 1883 964 labellis,

464 970 619 1029 Cum
641 967 888 1030 (labitur
911 968 1092 1046 Syrio
1116 986 1375 1027 munere
1393 967 1615 1048 plenus
1640 988 1818 1047 onyx.
2056 980 2129 1035 30

277 1062 344 1115 15
383 1052 650 1130 Deinde,
676 1052 784 1111 ubi
805 1051 1158 1130 suppositus
1179 1052 1455 1111 cinerem
1476 1070 1575 1111 me
1598 1052 1828 1112 fecerit
1850 1051 2056 1134 ardor,

464 1135 752 1215 Accipiat
768 1134 988 1195 Manes
1008 1132 1262 1215 parvula
1280 1140 1445 1195 testa
1464 1153 1657 1214 meos,

381 1220 466 1281 Et
489 1220 573 1279 sit
590 1220 656 1279 in
682 1218 898 1297 exiguo
919 1216 1128 1278 laurus
1152 1236 1342 1299 super
1362 1217 1571 1279 addita
1591 1221 1796 1299 busto,

465 1304 634 1380 Quae
656 1307 831 1381 tegat·
849 1304 1108 1375 extincti
1129 1303 1371 1364 funeris
1393 1304 1611 1364 umbra
1627 1302 1853 1381 locum,

379 1387 464 1447 Et
485 1385 604 1447 duo
627 1387 754 1447 sint
773 1404 1009 1465 versuS,
1033 1388 1164 1466 ‘qni
1186 1406 1351 1448 nunc
1370 1388 1535 1449 iacet
1558 1387 1731 1449 arida
1750 1386 1976 1469 pulvis,
2056 1398 2126 1453 35

270 1481 344 1533 20
461 1471 658 1532 Unius
679 1470 782 1530 hic
806 1470 1111 1551 quondam
1135 1490 1347 1533 servus
1371 1474 1595 1534 amoris
1619 1477 1800 1533 erat?

378 1554 510 1615 Nec
529 1556 730 1615 minus
748 1554 906 1615 haec
930 1558 1132 1616 nostri
1150 1562 1439 1618 notescet
1456 1557 1618 1617 fama
1640 1554 1933 1638 sepulcri,

464 1638 658 1714 Quam
677 1638 928 1697 fuerant
948 1638 1165 1698 Phthii
1184 1641 1367 1699 busta
1390 1647 1645 1701 cruenta
1665 1642 1801 1701 viri.

384 1722 486 1782 Tu
508 1739 754 1801 quoque
777 1722 832 1780 si
855 1720 1098 1799 quando
1120 1724 1335 1782 venies
1358 1721 1435 1781 ad
1454 1723 1601 1801 fata,
1624 1728 1935 1785 memento

460 1805 599 1864 Hoc
620 1806 776 1863 iter:
823 1803 901 1863 ad
928 1803 1168 1884 lapides
1192 1824 1343 1865 cana
1360 1808 1505 1867 veni
1524 1824 1851 1866 memores.
2056 1814 2126 1868 40

270 1896 340 1951 25
382 1890 630 1949 Interea
653 1906 797 1948 cave
819 1890 904 1948 sis
923 1907 1037 1948 nos
1059 1895 1385 1968 aspernata
1404 1887 1717 1970 sepultos:

460 1971 761 2033 Nonnihil
783 1970 860 2031 ad
881 1992 1096 2033 verum
1121 1974 1369 2033 conscia
1390 1980 1565 2033 terra
1586 1974 1765 2053 sapit.

379 2059 590 2137 Atque
609 2056 842 2116 utinam
862 2057 1078 2136 primis
1101 2057 1360 2117 animam
1382 2076 1481 2117 me
1501 2075 1741 2137 ponere
1764 2056 1937 2117 cunis

453 2141 742 2201 Iussisset
763 2142 1012 2221 quaevis
1035 2138 1114 2200 «le
1135 2142 1337 2202 tribus
1359 2160 1481 2201 una
1502 2142 1713 2201 soror!

377 2224 530 2284 Nam
552 2243 672 2303 quo
694 2229 820 2285 tam
842 2224 1063 2285 dubiae
1087 2230 1373 2285 servetur
1396 2225 1651 2305 spiritus
1670 2225 1863 2285 horae
1876 2224 1911 2285 ⁴3
2053 2230 2123 2285 4⁵

267 2315 340 2371 30
461 2308 744 2368 Nestoris
768 2314 866 2368 est
885 2309 1050 2369 visus
1070 2314 1216 2389 post
1236 2310 1359 2369 tria
1380 2306 1581 2369 saecla
1603 2310 1759 2369 cinis
1773 2329 1794 2372 a

380 2391 528 2468 Quis
551 2399 676 2452 tam
699 2389 1032 2472 longaevae
1053 2393 1379 2453 minuisset
1396 2392 1523 2453 fata
1545 2399 1836 2453 senectae

458 2474 730 2537 Gallicus
751 2474 952 2536 Iliacis
973 2475 1152 2536 miles
1171 2478 1240 2535 in
1261 2478 1587 2555 aggeribus
1600 2477 1632 2534 ‘3

376 2559 517 2619 Non
535 2558 646 2617 ille
667 2556 990 2617 Antilochi
1008 2557 1270 2617 vidisset
1289 2576 1514 2637 corpus
1535 2559 1797 2635 humari,
2053 2628 2058 2631 ,

457 2642 718 2702 Diceret
738 2646 844 2699 aut
864 2644 924 2699 ‘o
947 2659 1136 2717 mors,
1162 2656 1271 2697 cur
1295 2640 1447 2699 mihi
1469 2658 1611 2699 sera
1627 2640 1803 2700 venis
1815 2639 1872 2697 2²³
1906 2638 1912 2643 ’
2054 2649 2124 2703 50

265 2734 334 2788 35
380 2725 480 2786 Tu
500 2731 710 2783 tamen
731 2724 951 2783 amisso
972 2742 1099 2786 non
1118 2741 1445 2801 numquam
1470 2724 1649 2783 flebis
1672 2724 1899 2784 amico:

456 2809 578 2870 Fas
601 2813 700 2868 est
717 2808 1365 2888 praeteritos'semper
1387 2826 1590 2867 amare
1612 2808 1797 2867 viros.

377 2892 610 2970 TestiS,
642 2892 740 2951 cui
761 2892 1008 2951 niveum
1031 2890 1335 2970 quondam
1357 2892 1670 2971 percussit
1687 2888 1936 2951 Adonin

451 2976 800 3039 venantem
821 2973 1012 3036 Idalio
1035 2976 1271 3035 vertice
1295 2974 1485 3035 durus
1506 2993 1687 3055 aper:
1710 3017 1716 3022 -

373 3058 505 3121 Illis
526 3061 864 3120 formosum
889 3060 1154 3119 iacuisse
1175 3057 1521 3139 paludibus,
1544 3058 1701 3120 illuc
2046 3064 2117 3119 55

264 3152 337 3205 4o
453 3145 698 3204 Diceris
722 3144 920 3205 effusa
938 3147 1028 3221 tu,
1050 3141 1285 3220 Venus,
1307 3142 1435 3203 isse
1458 3164 1645 3206 coma.

377 3226 506 3287 Sed
522 3227 756 3289 frustra
777 3232 978 3288 mutos
1001 3228 1341 3305 revocabis,
1366 3228 1653 3308 Cynthia,
1674 3229 1928 3290 Manes:

453 3311 608 3370 Nam
628 3328 766 3371 mea
787 3308 937 3389 quid
964 3315 1262 3391 poterunt
1282 3330 1419 3373 ossa
1440 3315 1673 3373 minuta
1690 3310 1865 3390 loqui
1878 3310 1911 3369 ’ἒ

287 3544 694 3623 Psoi-nunus.
1668 3566 1703 3617 3
