2592 3867
816 238 1213 301 maun
1297 239 1613 321 I‚15,16.

513 410 852 489 Captorum
871 405 1146 469 lacrimis
1166 406 1419 469 humida
1438 408 1839 493 supplicibus,

357 504 392 555 5
435 494 613 555 Nunc
635 510 776 571 ego,
793 493 1117 552 nocturnis
1135 498 1426 571 potorum
1451 495 1654 554 saucia
1673 496 1848 575 rixis,

511 575 766 637 Pulsata
785 574 1058 653 indignis
1079 593 1264 655 saepe
1288 594 1521 655 queror
1542 579 1842 656 manibus,

425 661 512 723 Et
532 661 684 721 mihi
699 676 829 719 non
851 658 1078 719 desunt
1098 664 1315 739 turpes
1336 659 1619 739 pendere
1642 662 1915 724 corollae

510 745 773 823 Semper
796 749 862 803 et
883 741 1114 803 exclusi
1137 746 1313 821 signa
1330 745 1541 805 iacere
1562 746 1751 806 iaces.

421 828 554 889 Nec
573 844 822 908 possum
841 828 1086 887 infamis
1107 824 1392 888 dominae
1415 828 1759 889 defendere
1782 835 2001 891 noctes

318 921 388 975 10
506 910 748 973 Nobilis
771 912 1056 971 obscenis
1075 910 1306 970 tradita
1326 915 1731 973 carminibus:

421 994 552 1057 Nec
575 1002 783 1055 tamen
803 992 911 1053 illa
933 1011 1078 1053 suae
1101 1002 1425 1054 revocatur
1446 1014 1708 1075 parcere
1730 997 1952 1076 famae,

507 1079 784 1158 Turpior
807 1083 873 1136 et
894 1075 1082 1136 saecli
1103 1078 1313 1137 vivere
1333 1077 1591 1140 luxuria.

425 1164 554 1223 Has
575 1164 745 1221 inter
767 1162 1052 1239 gravibus
1075 1179 1263 1239 cogor
1287 1160 1527 1221 deflere
1550 1159 1853 1241 querellis

508 1243 820 1326 Supplicia
843 1262 878 1303 a
896 1243 1100 1323 longis
1120 1246 1365 1305 tristior
1388 1248 1682 1309 excubiis.

315 1340 380 1393 15
423 1330 536 1392 me
557 1348 731 1391 meos
751 1329 1080 1408 numquam
1096 1330 1333 1408 patitur
1356 1332 1757 1409 requiescere
1774 1336 2010 1413 pestes,

502 1416 740 1494 Arguta
759 1412 1048 1473 referens
1073 1415 1341 1473 carmina
1364 1409 1697 1474 blanditia:

423 1498 628 1560 ‘Ianua
647 1496 750 1559 vel
773 1497 1018 1557 domina
1038 1498 1288 1578 penitus
1314 1496 1631 1559 crudelior
1652 1500 1826 1579 ipsa,
1940 1534 1959 1543 ι

502 1582 666 1659 Quid
687 1582 837 1641 mihi
858 1588 984 1641 tam
1006 1579 1178 1641 duris
1203 1580 1410 1641 clausa
1432 1589 1603 1643 taces
1625 1582 1911 1643 foribus?

419 1667 547 1728 Cur
569 1685 898 1743 numquam
918 1670 1197 1724 reserata
1221 1682 1393 1723 meos
1414 1665 1691 1726 admittis
1713 1684 1975 1744 amoreS,

307 1759 380 1811 2⁰
501 1750 726 1808 Nescia
743 1749 1002 1807 furtivas
1021 1746 1296 1806 reddere
1318 1754 1484 1807 mota
1503 1768 1725 1829 preces
1738 1750 1771 1807 ’ἒ

419 1831 683 1893 Nullane
703 1832 845 1891 finis
869 1832 994 1891 erit
1011 1838 1228 1890 nostro
1251 1849 1546 1891 concessa
1568 1830 1794 1908 dolori,

504 1916 736 1976 Tristis
761 1916 914 1975 etin
933 1914 1148 1995 tepido
1170 1914 1385 1974 limine
1408 1934 1654 1975 somnus
1678 1916 1845 1975 erit?

418 2001 528 2062 Me
551 1999 793 2061 mediae
813 2005 1052 2089 noctes,
1077 2018 1175 2058 me
1198 1998 1407 2059 sidera
1426 2018 1625 2080 prona
1644 2002 1971 2077 iacentem,

496 2083 874 2163 Frigidaque
894 2084 1027 2145 Eoo
1051 2102 1149 2142 me
1167 2082 1347 2143 dolet
1370 2104 1514 2144 aura
1535 2083 1698 2164 gelu.

309 2178 378 2229 25
421 2169 520 2228 Tu
544 2167 676 2229 sola
695 2169 993 2229 humanos
1018 2186 1349 2246 numquam
1369 2168 1658 2229 miserata
1682 2164 1931 2229 dolores

495 2252 860 2333 Respondes
883 2253 1088 2313 tacitis
1109 2260 1319 2312 mutua
1340 2252 1710 2315 cardinibus.

419 2337 471 2398 0
491 2338 726 2411 ⁴utinam
749 2338 1011 2397 traiecta
1034 2356 1176 2396 cava
1197 2355 1335 2396 mea
1354 2336 1571 2398 vocula
1590 2338 1746 2397 rima

493 2421 826 2481 Percussas
849 2420 1132 2481 dominae
1153 2426 1359 2481 vertat
1377 2422 1444 2480 in
1466 2420 1798 2481 auriculas!

417 2504 516 2565 Sit
533 2504 687 2565 licet
708 2510 774 2563 et
795 2524 938 2565 saxo
961 2506 1301 2584 patientior
1322 2504 1434 2563 illa
1456 2505 1699 2581 Sicano,

301 2595 374 2650 30
499 2587 596 2647 Sit
614 2586 766 2646 licet
787 2593 854 2646 et
873 2588 1048 2646 ferro
1071 2586 1288 2645 durior
1310 2593 1378 2645 et
1398 2585 1679 2663 chalybe,

409 2670 551 2731 Non
571 2677 779 2730 tamen
799 2668 910 2729 illa
931 2688 1072 2728 suos
1093 2670 1331 2747 poterit
1352 2687 1749 2749 compescere
1773 2666 2027 2749 ocellos,

499 2754 726 2833 Surget
749 2758 814 2814 et
833 2754 1042 2813 invitis
1063 2754 1319 2831 spiritus
1340 2754 1405 2812 in
1424 2751 1710 2813 lacrimis.

335 2835 342 2839 ’
408 2837 587 2899 Nunc
609 2839 773 2898 iacet
795 2836 1052 2899 alterius
1073 2834 1250 2897 felici
1268 2839 1409 2897 nixa
1428 2836 1699 2897 lacerto:

491 2923 576 2982 At
597 2940 731 2982 mea
750 2927 1056 2982 nocturno
1077 2923 1266 2982 verba
1289 2921 1515 2983 cadunt
1533 2922 1845 3001 Zephyro.

303 3014 371 3068 35
415 3006 544 3068 Sed
562 3014 633 3067 tu
657 3005 790 3068 sola
809 3008 954 3085 mei,
975 3013 1044 3066 tu
1067 3006 1324 3065 maxima
1346 3024 1527 3066 causa
1548 3004 1805 3083 doloriS,

491 3091 673 3154 Victa
694 3093 850 3151 meis
868 3110 1218 3169 numquam,
1245 3092 1445 3169 ianua,
1468 3092 1842 3151 muneribus.

415 3176 511 3237 Te
531 3195 656 3235 non
678 3174 806 3236 ulla
826 3192 1001 3236 meae
1025 3173 1209 3234 laesit
1227 3173 1573 3254 petulantia
1591 3176 1857 3253 linguae,

493 3260 663 3336 Quae
685 3257 852 3320 solet
872 3260 1030 3319 irato
1055 3257 1268 3319 dicere
1289 3264 1422 3318 tota
1439 3257 1601 3335 loco,

410 3346 498 3405 Ut
519 3362 618 3403 me
642 3350 766 3405 tam
784 3343 968 3422 longa
988 3360 1238 3406 raucum
1255 3344 1495 3421 patiare
1520 3340 1801 3421 querella

299 3436 371 3489 40
495 3426 809 3487 Sollicitas
832 3430 1014 3488 trivio
1035 3425 1410 3507 pervigilare
1432 3445 1653 3487 moraS.

365 3517 370 3521 '
412 3514 498 3573 At
517 3512 632 3573 tibi
653 3530 839 3593 saepe
861 3530 1016 3571 novo
1042 3510 1268 3572 deduxi
1287 3510 1557 3571 carmina
1576 3525 1781 3582 versu,

2092 240 2175 309 15
