2592 3867
858 166 901 225 L
942 166 970 226 1
1013 168 1057 227 B
1097 167 1242 230 ER
1325 167 1431 246 111,
1476 179 1561 233 32.

503 333 696 411 Inque
717 339 858 393 tuos
879 334 1077 410 ignes,
1107 332 1262 395 dure
1281 340 1489 412 poeta,
1515 337 1672 397 veni.

315 424 384 478 45
429 417 528 477 Tu
549 435 677 475 non
697 417 1087 495 Antimacho,
1109 436 1234 476 non
1256 418 1451 478 tutior
1472 419 1591 479 ibi·
1613 420 1918 484 Homero:

503 501 786 579 Despicit
808 506 874 559 et
893 519 1145 579 magnos
1167 507 1342 561 recta
1360 499 1575 581 puella
1596 502 1767 565 deos.

427 582 554 644 Sed
574 602 699 643 non
723 590 868 645 ante
890 585 1060 662 gravi
1080 590 1291 645 taurus
1316 587 1659 647 succumbit
1681 595 1908 665 aratro,

510 667 756 728 Cornua
779 687 958 746 quam
977 666 1200 729 validIs
1221 669 1543 729 haeserit
1524 690 1589 729 ιιι
1610 668 1875 751 laqueis,

423 751 554 811 Nec
573 758 644 811 tu
663 757 788 811 tam
811 750 998 812 duros
1017 771 1134 833 per
1155 758 1222 813 te
1242 754 1503 832 patieris
1526 774 1797 815 amores.

315 844 386 896 50
509 835 682 895 Trux
704 842 910 897 tamen
932 856 967 896 a
990 837 1171 897 nobis
1195 842 1339 896 ante
1362 836 1700 900 domandus
1724 840 1869 901 eris.

420 918 654 980 Harum
677 918 848 979 nulla
871 917 1032 979 solet
1053 921 1358 979 rationem
1380 940 1685 999 quaerere
1706 920 1937 1001 mundi,

499 1002 557 1061 N
558 1020 630 1061 ec
651 1021 760 1062 cur
781 1004 1078 1063 fraternis
1098 1001 1272 1062 Luna
1289 1001 1537 1065 laboret
1556 1006 1753 1083 equis,

304 1108 308 1112 ·
419 1086 552 1145 Nec
572 1085 626 1145 si
646 1090 790 1165 post
811 1085 1056 1165 Stygias
1078 1085 1313 1166 aliquid
1332 1088 1664 1149 restaverit
1684 1086 1899 1165 undas,

501 1166 560 1229 N
561 1187 633 1229 ec
655 1170 709 1229 si
733 1169 1013 1230 consulto
1035 1168 1290 1231 fulmina
1310 1172 1497 1231 missa
1515 1177 1755 1233 tonent

312 1259 382 1313 55
423 1254 650 1332 Aspice
672 1272 793 1330 me,
817 1255 916 1313 cui
937 1273 1124 1333 parva
1147 1255 1313 1314 domi
1332 1256 1585 1315 fortuna
1605 1253 1826 1315 relicta
1848 1261 1965 1335 est,

500 1334 721 1397 Nullus
745 1342 811 1397 et
832 1338 1086 1415 antiquo
1109 1338 1317 1398 Marte
1340 1340 1689 1418 triumphus
1712 1340 1827 1417 avi,

420 1421 506 1481 Ut
527 1439 783 1499 regnem
805 1422 1022 1481 mixtas
1044 1423 1212 1481 inter
1235 1424 1486 1483 conviva
1505 1420 1743 1501 puellas

501 1503 638 1563 Hoc
661 1523 799 1581 ego,
825 1524 944 1581 quo
965 1506 1266 1585 tibi-nunc
1289 1502 1565 1584 elevor,‘
1545 1507 1813 1583 mgenio.

418 1586 526 1646 Me
550 1588 720 1647 iuvet
737 1588 1052 1651 hesternis
1074 1589 1345 1666 positum
1365 1588 1663 1665 languere
1688 1586 1963 1668 corollis,

312 1676 384 1731 60
508 1671 706 1745 Quem
732 1671 942 1745 tetigit
961 1671 1128 1727 iactu
1153 1676 1361 1729 certus
1386 1670 1463 1729 ad
1485 1689 1622 1729 ossa
1642 1672 1816 1749 deus,

417 1754 598 1811 Actia
617 1749 949 1827 Virgilium
969 1751 1242 1814 custodis
1262 1752 1453 1813 litora
1474 1754 1734 1831 Phoebi,

504 1835 788 1895 Caesaris
813 1839 878 1893 et
899 1834 1100 1894 fortes
1125 1834 1337 1894 dicere
1358 1854 1542 1914 posse
1567 1842 1757 1914 rates,

425 1919 545 1993 Qui
565 1937 727 1977 nunc
748 1918 1000 1977 Aeneae
1025 1918 1284 1977 Troiani
1309 1919 1565 1987 suscitat
1586 1939 1752 1977 arma

503 2002 790 2080 laetaque
812 1999 1060 2061 Lavinis
1083 1998 1326 2061 moenia
1346 1996 1652 2062 litoribus.

313 2092 381 2149 65
427 2084 651 2146 Cedite
673 2085 932 2147 Romani
955 2084 1318 2165 scriptores,
1345 2083 1550 2145 cedite
1572 2085 1779 2147 Graii:

501 2165 726 2229 Nescio
753 2168 902 2247 quid
924 2170 1118 2231 maius
1140 2170 1415 2229 nascitur
1436 2166 1651 2230 Iliade.

424 2250 524 2313 Tu
554 2254 719 2315 canis
739 2254 1016 2313 umbrosi
1039 2255 1255 2313 subter
1275 2255 1491 2332 pineta
1514 2252 1763 2315 Galae-i

503 2337 782 2415 Thyrsin
803 2343 869 2397 et
891 2337 1121 2399 attritis
1143 2338 1432 2417 Daphnin
1455 2336 1877 2415 arundinibus,

417 2420 626 2499 thue
649 2420 867 2481 decem
887 2422 1131 2500 possint
1151 2425 1551 2499 corrumpere
1574 2419 1732 2479 mala
1752 2418 2010 2499 puellas,

311 2510 382 2565 '70
435 2548 450 2563 .
501 2504 734 2564 Missus
759 2509 825 2562 et
843 2504 1146 2581 inpressis
1165 2501 1401 2561 haedus
1424 2504 1497 2561 ab
1521 2504 1835 2563 uberibus.

419 2583 620 2662 Felix,
647 2586 750 2661 qui
772 2584 926 2645 viles
947 2584 1146 2661 pomis
1168 2584 1474 2642 mercaris
1488 2584 1759 2644 amores!

499 2669 662 2727 Huic
682 2666 837 2727 licet
853 2667 1132 2745 ingratae
1156 2666 1414 2743 Tityrus
1436 2666 1571 2744 ipse
1594 2670 1801 2725 canat:

418 2750 602 2812 Felix
621 2752 920 2809 intactum
946 2747 1242 2827 Corydon
1264 2750 1371 2827 qui
1391 2755 1657 2830 temptat
1676 2746 1901 2809 Alexin

499 2831 828 2911 Agricolae
853 2832 1084 2893 domini
1108 2852 1367 2914 carpere
1389 2830 1677 2893 delicias!

311 2924 378 2980 75
427 2918 710 2993 Quamvis
731 2914 843 2976 ille
867 2936 974 2979 sua
993 2916 1188 2977 lassus
1211 2918 1567 2995 requiescat
1588 2934 1798 2993 avena,
1830 2987 1843 2997 ,

499 2999 812 3064 Laudatur
833 2999 1038 3062 facilis
1058 3002 1226 3061 inter
1249 2998 1729 3079 Hamadryadas,

422 3083 521 3143 Tu
545 3086 712 3147 canis
732 3087 990 3146 Ascraei
1009 3086 1242 3144 veteris
1258 3089 1597 3164 praecepta
1615 3088 1861 3164 poetae,

503 3169 634 3243 Quo
660 3188 840 3248 seges
860 3170 927 3227 in
949 3186 1182 3247 campo,
1208 3187 1329 3247 quo
1352 3169 1514 3229 viret
1533 3187 1647 3227 uva
1666 3168 1831 3245 iugo.

422 3250 578 3311 Tale
601 3251 754 3313 facis
779 3271 1047 3329 carmen,
1072 3250 1254 3311 docta
1273 3251 1591 3312 testudine
1616 3248 1801 3330 quale

305 3342 380 3396 80
505 3332 808 3412 Cynthius
832 3336 1118 3415 inpositis
1139 3340 1466 3415 temperat
1471 3332 1769 3395 articulis.

415 3415 558 3479 Non
576 3423 783 3479 tamen
805 3418 958 3478 haec
981 3416 1092 3478 ulli
1111 3418 1365 3477 venient
1384 3420 1625 3497 ingrata
1640 3398 1905 3491 legenti,

2082 170 2167 239 57
