2592 3867
814 196 1202 260 LIBER
1281 196 1387 277 111,
1438 208 1789 280 18‚19‚20.
2170 202 2253 267 45

509 362 710 424 Parvo
735 360 958 422 dilexit
979 364 1180 442 spatio
1201 362 1485 424 Minoida
1507 364 1812 445 Theseus,

590 443 889 524 Phyllida
907 446 1337 526 Demophoon,
1358 448 1589 527 hospes
1610 454 1876 529 uterque
1897 450 2112 515 malus.

509 529 635 589 Iam
651 531 770 590 tibi
791 530 1028 589 Iasonia
1048 536 1198 590 nota
1220 536 1320 589 est
1339 529 1572 591 Medea
1594 534 1802 593 carina
2183 544 2253 600 45

403 622 474 676 30
592 614 678 673 Et
698 611 878 673 modo
903 618 1146 673 servato
1169 611 1305 682 sola
1321 612 1549 674 relicta
1566 618 1721 677 viro.

509 696 677 757 Dura
699 702 816 774 est,
842 714 998 775 quae
1020 694 1232 757 multis
1256 697 1607 761 simulatum
1622 701 1807 779 fingit
1826 721 2119 783 amorem,

587 781 674 841 Et
692 798 762 840 se
781 778 924 860 plus
946 782 1054 840 uni
1075 782 1128 840 si
1155 801 1273 860 qua
1290 800 1515 862 parare
1538 789 1767 863 potest.

506 862 654 925 Noli
674 863 1008 943 nobilibus,
1029 862 1164 924 noli
1187 866 1480 927 conferre
1501 866 1735 929 beatis:

587 948 712 1010 Vix
730 950 925 1025 venit,
949 954 1226 1008 extremo
1253 950 1361 1028 qui
1377 947 1553 1027 legat
1572 970 1711 1012 ossa
1733 951 1855 1014 die.
2183 966 2253 1017 50

401 1039 470 1093 35
511 1031 562 1113 Ii
583 1031 702 1091 tibi
721 1049 836 1090 nos
861 1032 1121 1091 erimus:
1165 1031 1280 1092 sed
1298 1038 1370 1091 tu
1389 1034 1597 1113 potius
1616 1053 1845 1113 precor
1866 1043 1936 1096 ut
1957 1056 2056 1098 me

589 1114 890 1175 Demissis
909 1112 1166 1194 plangas
1187 1121 1449 1196 pectora
1468 1114 1635 1177 nuda
1656 1120 1865 1181 comis.

360 1242 477 1342 20
507 1244 712 1343 Unica
731 1288 878 1343 nata
896 1300 1034 1343 meo
1056 1281 1477 1363 pulcherrima
1498 1302 1647 1343 cura
1668 1283 1897 1363 dolori,
2136 1253 2248 1347 25

587 1365 882 1434 Excludit
903 1369 1190 1447 quoniam
1211 1386 1349 1427 sors
1375 1386 1513 1427 mea
1534 1367 1736 1448 Saepe
1756 1371 1920 1447 veni,

506 1450 631 1511 Ista
651 1452 808 1512 meis
829 1451 942 1511 fiet
963 1452 1284 1512 notissima
1303 1452 1505 1512 forma
1522 1449 1784 1531 libellis,

594 1533 806 1614 calve,
827 1542 934 1595 tua
953 1536 1152 1613 νεθιιίειθ
1173 1554 1350 1616 paee,
1376 1533 1647 1615 Catulle,
1668 1542 1791 1599 tua.

427 1624 466 1679 ‚5
507 1616 700 1680 Miles
723 1617 1026 1698 depositis
1049 1638 1315 1678 annosus
1336 1621 1591 1680 secubat
1612 1623 1818 1699 armis,

593 1700 1068 1780 Grandaevique
1088 1708 1321 1778 negant
1341 1700 1572 1761 ducere
1594 1710 1799 1763 aratra
1817 1705 2030 1783 bova,

507 1784 721 1845 Putris
745 1790 811 1843 et
830 1784 900 1843 in
918 1803 1106 1857 vacua
1125 1785 1467 1863 requiescit
1486 1786 1655 1845 navis
1678 1805 1885 1863 arena,

589 1868 676 1931 Et
695 1873 872 1929 vetus
891 1868 960 1927 in
979 1865 1216 1948 templo
1240 1865 1473 1928 bellica
1491 1887 1705 1949 parma
1722 1876 1924 1929 vacat:

507 1952 593 2011 At
615 1970 714 2011 me
738 1953 812 2012 ab
835 1971 1045 2012 amore
1065 1958 1174 2013 tuo
1197 1950 1469 2013 deducet
1487 1949 1660 2011 nulla
1680 1959 1990 2032 senectus,

404 2044 474 2098 10
596 2034 739 2096 Sive
762 2053 876 2115 ego
902 2036 1211 2097 Tithonus
1235 2037 1367 2097 sive
1388 2054 1503 2115 ego
1524 2035 1755 2096 Nestor
1777 2054 1908 2099 ero.

510 2118 731 2181 Nonne
751 2120 873 2181 fuit
895 2122 1086 2182 satius
1111 2120 1266 2181 duro
1291 2122 1530 2181 servire
1550 2126 1814 2199 tyranno

591 2204 676 2265 Et
697 2222 948 2285 gemere
971 2206 1038 2264 in
1059 2210 1259 2283 tauro,
1285 2223 1465 2266 saeve
1486 2203 1749 2283 Perille,
1771 2210 1879 2265 tuo
1893 2205 1927 2265 ’ἒ

512 2286 820 2367 Gorgonis
845 2294 912 2349 et
931 2289 1122 2349 satius
1143 2288 1268 2348 fuit
1287 2288 1710 2369 obdurescere
1730 2286 1926 2367 vultu,

592 2372 918 2433 Caucasias
941 2373 1127 2435 etiam
1149 2373 1205 2433 si
1222 2378 1583 2453 pateremur
1604 2392 1764 2435 aves.

403 2463 474 2519 15
515 2454 642 2517 Sed
663 2462 874 2517 tamen
895 2458 1217 2516 obsistam:
1257 2459 1489 2517 teritur
1511 2458 1799 2535 rubigine
1821 2476 2033 2518 mucro

591 2539 868 2598 Ferreus
891 2544 959 2597 et
977 2557 1166 2617 parvo
1190 2556 1377 2616 saepe
1393 2538 1647 2616 liquore
1670 2537 1859 2599 silex:
2019 2580 2031 2591 .

509 2622 596 2681 At
614 2618 788 2680 nullo
813 2618 1094 2679 dominae
1115 2620 1347 2679 teritur
1368 2621 1480 2680 sub
1499 2620 1718 2681 limine
1742 2640 1931 2699 amor,
1956 2624 2063 2702 qui

592 2705 815 2765 Restat
835 2710 904 2762 et
921 2704 1212 2763 inmerita
1235 2704 1503 2764 sustinet
1523 2722 1671 2764 aure
1695 2706 1906 2765 minas·

509 2786 693 2849 Ultro
720 2794 1110 2867 contemptus
1128 2791 1309 2865 rogat
1331 2792 1397 2847 et
1415 2806 1709 2867 peccasse
1731 2789 1967 2849 fatetur

342 2873 343 2877 ’
399 2881 478 2934 20
598 2872 832 2933 Laesus
853 2877 922 2932 et
939 2872 1148 2933 invitis
1169 2872 1305 2952 ipse
1328 2871 1504 2938 redit,
1517 2870 1799 2952 pedibus.

516 2956 617 3018 Tu
639 2975 906 3036 quoque,
932 2956 1037 3034 qui
1058 2954 1248 3036 pleno
1270 2956 1468 3016 fastus
1492 2955 1758 3017 adsumis
1780 2976 2009 3036 amore,

595 3038 892 3118 credule,
919 3037 1096 3100 nulla
1116 3038 1222 3099 diu
1243 3040 1475 3098 femina
1493 3038 1737 3120 pondus
1758 3040 1961 3103 habet.

512 3126 612 3184 An
636 3126 956 3205 quisquam
975 3124 1042 3183 in
1064 3121 1286 3183 mediis
1305 3121 1608 3202 persolvit
1626 3130 1767 3185 vota
1784 3124 2107 3205 procellis,

595 3209 749 3269 Gum
775 3226 962 3288 saepe
983 3209 1052 3267 in
1071 3212 1259 3287 portu
1277 3206 1479 3268 fracta
1502 3209 1711 3268 carina
1730 3209 1948 3267 natet‘.²

399 3297 478 3355 25
515 3292 642 3351 Aut
663 3294 837 3369 prius
858 3292 1094 3351 infecto
1120 3290 1404 3370 deposcit
1423 3293 1698 3371 praemia
1720 3311 1923 3369 cursu,

597 3374 872 3453 Septima
897 3395 1078 3454 quam
1097 3381 1323 3434 metam
1344 3376 1594 3435 triverit
1612 3381 1756 3434 ante
1780 3380 1919 3435 rota
1931 3373 1965 3432 Ἰ

511 3456 852 3521 Mendace·
871 3456 1098 3519 ludunt
1117 3460 1300 3521 flatus
1319 3460 1387 3518 in
1409 3477 1617 3519 amore
1640 3454 1930 3519 seeundi=
