2592 3867
410 199 496 269 12
1010 200 1730 265 PROPERTII

581 374 708 433 Aut
725 372 780 432 si
801 370 1136 453 despectus
1156 372 1365 451 potuit
1382 376 1623 431 mutare
1648 368 1921 431 calores:

666 455 826 515 Sunt
853 473 1100 535 quoque
1119 455 1423 515 translato
1444 452 1665 532 gaudia
1686 456 1960 516 servitio.

579 539 677 600 Mi
709 556 919 618 neque
955 555 1160 599 amare
1195 536 1379 597 aliam
1411 539 1715 678 nequetab
1738 540 1855 598 hac
1878 535 2205 599 discedere
2230 538 2329 598 fas

1536 638 1605 679 es
1646 640 1664 678 ε
2304 656 2313 660 -

469 716 544 767 20
672 706 940 783 Cynthia
959 701 1159 783 prima
1179 703 1321 780 fuit,
1344 704 1614 780 Cynthia
1632 704 1776 762 finis
1800 705 1940 763 erit.

433 836 540 931 13
580 834 704 947 Tu,
729 869 899 948 quod
919 890 1109 951 saepe
1131 871 1323 951 soles,
1344 878 1561 934 nostro
1582 870 1901 932 laetabere
1924 888 2091 948 casu,

665 952 871 1033 Galle,
895 954 1064 1033 quod
1083 958 1345 1038 abrepto
1370 955 1537 1017 solus
1562 973 1771 1016 amore
1791 971 2021 1015 vacem.

581 1038 668 1097 At
686 1056 814 1097 non
833 1040 972 1119 ipse
991 1046 1131 1099 tuas
1153 1042 1465 1118 imitabor,
1484 1039 1751 1120 perfide,
1772 1054 1990 1098 voces:

663 1119 923 1183 Fallere
943 1128 1010 1184 te
1031 1143 1379 1205 numquam,
1402 1123 1606 1202 Galle,
1626 1121 1843 1202 puella
1862 1119 2035 1182 velit.

507 1214 539 1266 5
581 1205 739 1264 Dum
760 1207 878 1265 tibi
901 1205 1183 1285 deceptis
1207 1210 1469 1284 ‘augetur
1486 1209 1648 1266 fama
1666 1202 1919 1284 puellis,

663 1288 890 1347 Certus
913 1290 1066 1348 etin
1087 1288 1260 1349 nullo
1287 1291 1533 1368 quaeris
1557 1306 1763 1347 amore
1786 1307 2041 1365 moram,

576 1369 871 1431 Perditus
891 1372 960 1430 in
981 1371 1240 1451 quadam
1261 1372 1459 1433 tardis
1480 1369 1831 1451 pallescere
1854 1372 2019 1429 curis

661 1453 890 1534 Incipis
911 1457 1198 1535 etssprimo
1225 1456 1439 1536 lapsus
1461 1458 1633 1516 abire
1655 1453 1865 1533 gradu.

577 1537 750 1596 Haec
773 1540 897 1598 erit
916 1536 1162 1599 illarum
1184 1542 1524 1619 contempti
1546 1557 1748 1621 poena
1768 1536 2035 1599 doloris:

468 1632 539 1685 10
657 1620 1000 1683 Multarum
1022 1625 1280 1684 miseras
1304 1625 1511 1702 exiget
1532 1642 1653 1683 una
1670 1624 1855 1683 vices.

575 1705 750 1765 Haec
768 1706 890 1767 tibi
911 1706 1200 1785 vulgares
1221 1709 1377 1769 istos
1404 1712 1758 1788 compescet
1780 1724 2041 1783 amores,

540 1795 545 1800 “
658 1788 716 1849 N
717 1809 791 1850 ec
813 1810 970 1851 nova
992 1793 1351 1872 quaerendo
1374 1809 1623 1873 semper
1646 1792 1873 1851 amicus
1896 1790 2040 1851 eris.

576 1874 751 1934 Haec
774 1894 891 1953 ego
912 1894 1038 1936 non
1057 1896 1309 1937 rumore
1332 1876 1511 1955 malo,
1533 1896 1659 1936 non
1682 1894 1913 1954 augure
1936 1873 2173 1950 doctus,

657 1958 808 2018 Vidi
831 1977 946 2035 ego
962 1980 981 2017 :
1023 1978 1124 2019 me
1147 1979 1375 2039 quaeso
1403 1966 1567 2019 teste
1590 1975 1821 2035 negare
1842 1958 2070 2039 potes?

468 2050 536 2103 15
577 2038 727 2101 Vidi
750 2058 866 2117 ego
887 2048 955 2100 te
977 2047 1110 2101 toto
1133 2044 1405 2102 vinctum
1423 2041 1827 2121 languescere
1850 2039 2013 2101 collo

654 2122 740 2184 Et
758 2123 917 2183 flere
939 2124 1208 2202 iniectis,
1233 2125 1437 2205 Galle,
1461 2124 1565 2184 diu
1586 2125 1885 2202 manibus,

574 2207 660 2281 Et
681 2224 912 2286 cupere
936 2209 1164 2287 optatis
1195 2210 1454 2269 animam
1476 2208 1792 2288 deponere
1810 2206 2028 2287 labris,

652 2290 736 2350 Et
759 2308 916 2368 quae
941 2290 1168 2351 deinde
1192 2310 1365 2354 meus
1389 2292 1572 2370 celat,
1598 2293 1810 2369 amice,
1831 2291 2051 2372 pudor.

571 2372 713 2433 Non
735 2392 850 2452 ego
876 2373 1228 2455 complexus
1251 2378 1428 2457 potui
1457 2376 1754 2436 diducere
1775 2382 2048 2437 vestros:

463 2466 535 2533 ‚2⁰
661 2456 900 2517 Tantus
927 2465 1063 2519 erat
1085 2458 1341 2521 demens
1363 2463 1531 2521 inter
1552 2468 1851 2539 utrosque
1874 2460 2069 2521 furor.

571 2544 714 2603 Non
735 2543 824 2602 sic
845 2542 1190 2604 Haemonio
1215 2544 1567 2606 Salmonida
1592 2546 1813 2605 mixtus
1834 2545 2076 2625 Enipeo

658 2626 1004 2689 Taenarius
1023 2626 1196 2689 facili
1215 2632 1454 2709 pressit
1474 2648 1682 2690 amore
1707 2628 1881 2706 deus,

569 2710 702 2771 Nec
725 2713 815 2773 sic
839 2709 1176 2773 caelestem
1196 2714 1463 2791 flagrans
1488 2734 1656 2774 amor
1678 2711 1968 2773 Herculis
1988 2713 2213 2773 Heben

432 2857 441 2865 ,
654 2794 867 2856 Sensit
885 2799 954 2857 in
975 2798 1226 2857 Oetaeis
1250 2797 1469 2873 gaudia
1488 2799 1688 2875 prima
1708 2797 1885 2878 iugis.

461 2884 532 2939 25
572 2878 714 2940 Una
733 2879 870 2940 dies
894 2899 1105 2941 omnes
1131 2880 1336 2960 potuit
1355 2895 1765 2957 praecurrere
1789 2894 2057 2937 amores:

567 3023 570 3027 .
645 2962 704 3021 N
705 2982 800 3022 am
820 2965 938 3024 tibi
957 2984 1081 3025 non
1104 2960 1345 3044 tepidas
1368 2960 1644 3022 subdidit
1663 2960 1773 3020 illa
1792 2958 1983 3036 faces,

569 3044 702 3104 Nec
723 3047 840 3107 tibi
862 3050 1238 3124 praeteritos
1259 3054 1439 3127 passa
1462 3051 1559 3105 est
1579 3044 1917 3105 succedere
1941 3043 2157 3123 fastus,

645 3127 779 3189 Nec
803 3130 967 3189 sinet
990 3131 1238 3191 abduci:
1280 3137 1347 3190 te
1367 3137 1508 3190 tuus
1530 3128 1717 3189 ardor
1740 3134 1899 3207 aget.

566 3210 700 3272 Nec
720 3214 962 3292 mirum,
985 3233 1122 3274 cum
1143 3216 1226 3274 sit
1244 3214 1387 3274 Iove
1410 3212 1595 3293 digna
1614 3220 1680 3273 et
1700 3213 1977 3293 proxima
1994 3211 2207 3273 Ledae

456 3302 529 3356 30
649 3296 733 3358 Et
761 3296 970 3357 Ledae
993 3304 1175 3376 partu
1197 3300 1431 3375 gratior
1450 3318 1573 3358 unu
1592 3299 1815 3378 tribus,

565 3375 686 3439 111⁸
705 3380 788 3439 sit
807 3380 1072 3441 Inachiis
1096 3387 1161 3440 et
1182 3379 1472 3442 blandior
1493 3383 1792 3461 heminis,

647 3462 759 3523 Illa
779 3464 906 3523 suis
926 3464 1134 3525 verbis
1157 3470 1337 3542 cogat
1357 3484 1561 3526 amare
1581 3466 1801 3527 Iovem.
