2592 3867
379 202 454 267 7ss
965 192 1705 258 PROPERTII

535 368 624 430 Ut
643 368 795 427 mihi
813 370 1176 446 praetextae
1197 361 1401 444 pudor
1421 369 1521 421 est
1540 358 1781 421 velatus
1804 362 2054 442 amictu,

615 452 702 513 Et
722 449 864 509 data
880 448 1146 509 libertas
1166 464 1431 506 noscere
1452 446 1679 504 amoris
1700 445 1849 522 iter,

461 545 496 597 ῦ
538 532 653 595 ma
674 532 862 593 rudes
887 533 1120 592 animos
1140 548 1258 610 per
1277 536 1497 589 noctes
1520 529 1768 588 conscia
1786 528 2017 607 primu

621 618 827 677 Inbuit
846 617 972 675 heu
992 613 1181 675 nullis
1203 619 1384 693 capta
1402 612 1681 691 Lycinna
1702 610 1883 673 datis.

539 702 794 761 Tertius
815 697 981 759 haud
1001 695 1196 757 multo
1217 698 1420 756 minus
1442 703 1541 756 est
1560 715 1699 755 cum
1722 693 1971 755 ducitur
1990 715 2183 758 annus
2198 718 2219 759 ε

618 784 738 846 Vix
759 783 1011 843 memini
1036 782 1218 841 nobis
1237 782 1432 841 verba
1450 781 1652 839 coisse
1674 778 1911 841 decem.

537 868 774 927 Cuncta
793 872 936 926 tuus
957 862 1250 945 sepelivit
1270 882 1461 942 amor,
1482 881 1601 923 nec
1622 864 1855 924 femina
1870 868 2013 943 post
2034 870 2101 923 te

431 960 500 1013 10
619 946 770 1011 Ulla
791 948 969 1009 dedit
989 948 1149 1009 collo
1173 946 1381 1008 dulcia
1399 945 1599 1008 vincla
1618 965 1777 1008 meo.

538 1034 750 1095 Testis
772 1034 898 1094 erit
917 1034 1105 1093 Dirce
1127 1040 1253 1091 tam
1273 1050 1423 1092 vero
1446 1032 1705 1091 crimine
1730 1048 1929 1109 saeva,

616 1119 888 1197 Nycteos
914 1118 1230 1197 Antiopen
1258 1116 1617 1176 accubuisse
1637 1114 1825 1194 Lyco.

536 1202 637 1261 Ah
661 1202 948 1280 quotiens
968 1197 1266 1280 pulchros
1287 1201 1448 1259 ussit
1464 1200 1683 1277 regina
1702 1194 1986 1278 capillos,

618 1282 966 1362 Molliaque
987 1284 1311 1342 inmittens
1332 1284 1471 1342 fixit
1491 1284 1558 1343 in
1580 1302 1690 1342 ora
1709 1283 1954 1351 manus!

427 1377 496 1430 15
537 1369 638 1427 Ah
661 1367 950 1445 quotiens
975 1363 1267 1426 famulam
1287 1368 1499 1447 pensis
1526 1366 1805 1426 oneravit
1822 1366 2075 1444 iniquis,

613 1451 697 1512 Et
721 1456 904 1530 caput
927 1451 996 1509 in
1018 1449 1175 1509 dura
1193 1468 1434 1537 ponere
1455 1451 1639 1510 iussit
1656 1448 1872 1509 humo!

533 1534 734 1613 Saepe
754 1532 928 1594 illam
947 1533 1259 1594 inmundis
1279 1554 1461 1615 passa
1480 1540 1581 1595 est
1599 1533 1879 1595 habitare
1902 1533 2204 1613 tenebris,

611 1615 822 1680 Vilem
840 1619 1089 1679 ieiunae
1111 1636 1298 1700 saepe
1319 1619 1569 1697 negavit
1590 1636 1826 1698 aquam.

527 1701 830 1781 luppiter,
852 1704 1162 1785 Antiopae
1185 1722 1483 1783 nusquam
1506 1703 1817 1765 succurris
1839 1701 2093 1762 habenti

421 1794 493 1847 20
616 1785 744 1846 Tot
769 1784 974 1848 mala?
1017 1790 1361 1868 corrumpit
1382 1787 1536 1848 dura
1558 1792 1778 1847 catena
1798 1804 2029 1845 manus.

531 1868 599 1929 Si
623 1868 776 1931 deus
800 1888 890 1949 es,
919 1873 1038 1932 tibi
1058 1878 1240 1952 turpe
1262 1880 1431 1931 tuam
1452 1871 1691 1931 servire
1712 1864 2001 1949 puellam.
2028 1901 2031 1905 ·

609 1953 862 2015 Invocet
884 1956 1156 2034 Antiope
1179 1974 1365 2033 quem
1384 1956 1507 2014 nisi
1526 1956 1731 2013 vincta
1748 1951 1956 2014 Iovem
1968 1952 2001 2013 ‘3

531 2034 927 2112 Sola,tamen‚
952 2054 1373 2113 quaecumque
1396 2034 1657 2095 aderant
1675 2039 1742 2094 in
1766 2054 2031 2113 corpore
2054 2038 2244 2117 vireu,

607 2114 876 2195 Regulos
897 2118 1163 2176 manicas
1185 2120 1357 2197 rupit
1374 2125 1637 2196 utraque
1659 2135 1858 2177 manu.

417 2209 486 2262 25
525 2199 678 2259 Inde
701 2200 1094 2259 Cithaeronis
1116 2200 1337 2261 timido
1356 2200 1519 2281 pede
1544 2202 1741 2260 currit
1761 2201 1828 2259 in
1852 2218 2046 2263 arces.

604 2282 741 2341 Nox
763 2288 918 2359 erat,
945 2290 1014 2341 et
1033 2302 1247 2362 sparso
1268 2286 1454 2344 triste
1476 2284 1681 2345 cubile
1703 2281 1866 2363 gelu.

525 2364 727 2443 Saepe
747 2383 898 2441 vago
921 2366 1115 2445 Asopi
1137 2368 1345 2426 sonitu
1367 2376 1650 2449 permota
1671 2370 1923 2429 fluentis

607 2447 924 2509 credebat
947 2448 1228 2510 dominae
1250 2470 1415 2532 pone
1437 2454 1653 2512 venire
1674 2450 1888 2534 pedes.

519 2532 605 2594 Et
627 2530 846 2593 durum
875 2534 1143 2595 Zethum
1164 2541 1232 2594 et
1248 2532 1525 2597 lacrimis
1546 2537 1894 2618 Amphiona
1915 2533 2162 2597 mollem

417 2623 490 2678 30
613 2618 889 2697 Experta
911 2625 1010 2678 est
1036 2617 1296 2681 stabulis
1319 2627 1518 2682 mater
1541 2622 1757 2682 abacta
1778 2623 1923 2681 suis.

383 2730 390 2735 ·
521 2701 614 2761 Ac
633 2699 851 2780 veluti,
881 2722 1132 2781 magnos
1155 2722 1292 2763 cum
1314 2712 1555 2785 ponunt
1576 2725 1847 2787 aequora
1866 2710 2087 2782 motus,

601 2785 807 2845 Eurus
830 2791 896 2846 et
919 2785 1176 2847 adverso
1201 2787 1434 2849 desinit
1450 2790 1549 2849 ire
1572 2788 1757 2868 Noto,

521 2867 740 2929 Litore
764 2871 877 2930 sub
900 2872 1090 2931 tacito
1109 2872 1355 2932 'sonitus
1378 2874 1643 2932 rarescit
1670 2890 1918 2949 arenae,

603 2952 708 3011 Sic
731 2947 942 3039 (cadit
963 2956 1190 3015 inflexo
1210 2953 1384 3035 lapsa
1402 2954 1613 3035 puella
1633 2948 1838 3039 genu)

408 3041 477 3094 35
519 3032 696 3110 Sera,
722 3045 930 3095 tamen
949 3039 1182 3117 pietas:
1223 3040 1385 3099 natis
1410 3047 1507 3099 est
1530 3040 1811 3118 cognitus
1832 3053 2031 3096 error.

600 3116 800 3194 Digne
823 3118 980 3178 Iovis
1003 3128 1182 3181 natos
1207 3124 1314 3200 qui
1334 3130 1551 3183 tueare
1576 3140 1786 3199 senex,

521 3198 622 3259 Tu
643 3198 858 3259 reddis
879 3200 1092 3280 pueris
1113 3211 1395 3281 matrem,
1418 3207 1723 3286 puerique
1743 3202 2111 3264 trahendam

596 3283 948 3345 Vinxerunt
966 3284 1198 3344 Dircen
1219 3288 1331 3345 sub
1356 3290 1551 3348 trucis
1574 3308 1684 3348 ora
1702 3288 1896 3349 bovis.

514 3367 810 3446 Antiope,
835 3385 1138 3445 cognosce
1161 3368 1399 3429 Iovem:
1424 3372 1558 3431 'tibi
1580 3370 1783 3449 gloria
1802 3372 1991 3431 Dirce

403 3452 476 3504 40
595 3448 854 3509 Ducitur
873 3452 941 3509 in
961 3447 1173 3510 multis
1194 3459 1459 3514 mortem
1481 3456 1770 3515 habitura
1786 3453 1961 3515 locis.
