2592 3867
388 509 911 658 famem<
945 520 1166 628 2420-
1209 500 1931 649 mmmm!

797 678 1854 839 PRAEFAT[Q

1122 909 1504 924 -.-.--..,.,--.-.

373 1062 576 1167 Quam
613 1100 920 1160 rationem
957 1100 1025 1159 in
1065 1100 1182 1159 hac
1221 1099 1541 1181 Propertii
1584 1098 1861 1161 editione
1906 1105 2010 1159 aut
2038 1104 2287 1159 secutus

379 1184 484 1244 sim
538 1188 643 1242 aut
699 1185 875 1263 sequi
927 1182 1280 1259 debuerim,
1337 1200 1445 1243 eos
1492 1202 1751 1262 quorum
1790 1185 2059 1244 interest
2098 1182 2287 1243 facile

378 1264 800 1329 intellecturos
856 1286 993 1327 esse
1044 1268 1347 1328 existimo.
1410 1285 1602 1347 quare
1642 1268 1763 1327 hoc
1804 1266 2133 1348 praefandi
2175 1286 2287 1327 ne-

371 1351 539 1428 gotio
597 1351 747 1411 mihi
802 1350 1060 1411 videbar
1114 1350 1531 1433 supersedere
1584 1370 1803 1431 posse,
1869 1352 1991 1411 nisi
2045 1350 2114 1410 id
2162 1352 2289 1411 suis

364 1435 706 1495 rationibus
747 1432 906 1495 utile
951 1454 1090 1495 esse
1137 1434 1513 1495 credidisset
1553 1432 1912 1516 bibliopola.
1983 1434 2063 1494 de
2115 1436 2287 1494 cuius

374 1517 684 1578 commodo
727 1538 808 1579 ne
855 1518 1004 1599 quid
1044 1519 1215 1579 forte
1255 1537 1374 1600 per
1414 1537 1515 1578 me
1562 1518 2037 1597 detraheretur,
2077 1518 2289 1599 paucis

375 1619 497 1666 tem
541 1600 820 1663 indicare
861 1604 1056 1663 visum
1102 1609 1216 1663 est.

536 1686 797 1745 Constat
859 1692 1064 1745 autem
1127 1686 1444 1766 Propertii
1501 1686 1769 1745 carmina
1823 1682 2036 1745 Caroli
2088 1684 2289 1745 Lach-

371 1768 571 1828 manni
615 1772 680 1829 et
723 1767 1040 1829 Friderici
1081 1768 1298 1828 Jacobi
1342 1769 1505 1829 curis
1545 1769 1635 1827 ita
1677 1767 1947 1847 expolita
1990 1785 2163 1845 esse,
2219 1774 2293 1827 ut

369 1867 569 1930 neque
624 1870 660 1910 e
719 1853 893 1911 novis
946 1849 1248 1912 librorum
1302 1852 1677 1931 scriptorum
1721 1852 1917 1931 copiis
1960 1850 2291 1931 quidquam

371 1932 582 1995 auxilii
623 1942 845 2015 postea
883 1937 1018 2016 peti
1056 1935 1316 2014 debeat,
1365 1934 1434 1995 id
1462 1933 1629 2015 quod
1654 1932 1973 1996 luculento
2004 1933 2289 2016 exemplo

363 2036 564 2097 nuper
617 2018 1070 2098 Hertzbergius
1126 2020 1580 2100 comprobavit,
1637 2036 1845 2098 neque
1903 2018 2289 2079 emendando

362 2120 476 2180 pro
517 2102 698 2161 huius
742 2102 993 2181 quidem
1038 2103 1333 2164 editionis
1374 2101 1631 2163 consilio
1672 2100 1865 2163 multa
1891 2104 2117 2163 mutari
2144 2122 2291 2183 pos-

365 2186 505 2245 sint.
569 2188 840 2264 quamvis
893 2187 1088 2247 multa
1139 2188 1305 2247 enim
1361 2188 1435 2247 ab
1484 2185 1615 2247 illis
1656 2206 1784 2246 non
1824 2185 2289 2247 inconsiderate

361 2266 584 2327 relicta
629 2270 785 2348 sint,
833 2289 1092 2350 quorum
1137 2269 1509 2349 corrigenda
1546 2276 1717 2330 esset
1758 2272 2099 2351 scriptura,
2140 2290 2292 2350 pau-

364 2354 452 2411 cis
508 2360 714 2412 tamen
774 2360 898 2413 tam
961 2360 1192 2415 certam
1250 2360 1529 2434 paratam
1582 2353 1711 2415 vidi
1768 2354 2289 2433 emendationem,

363 2445 432 2493 ut
475 2455 510 2495 a
554 2436 834 2497 codicum
879 2440 1220 2519 scriptura,
1272 2439 1372 2497 cui
1411 2438 1604 2517 magis
1635 2456 1817 2517 quam
1842 2435 2126 2499 volebam
2152 2439 2289 2518 ipsa

365 2516 658 2579 editionis
701 2528 924 2581 natura
967 2521 1302 2581 adstrictus
1345 2540 1547 2597 eram,
1611 2520 2057 2582 discedendum
2100 2528 2287 2583 esset.

360 2603 570 2681 itaque
628 2623 766 2662 cum
807 2604 862 2663 is
907 2605 1013 2682 qui
1057 2609 1200 2662 ante
1241 2604 1358 2662 hos
1400 2602 1619 2681 viginti
1660 2609 1795 2663 tres
1837 2622 2030 2663 annos
2073 2604 2292 2665 Jacobl

363 2685 640 2745 editione
693 2692 905 2746 curata
945 2686 1109 2745 bene
1154 2684 1232 2745 de
1273 2686 1395 2744 hoc
1437 2690 1628 2766 poeta
1666 2688 1930 2764 meruit,
1986 2706 2150 2747 nunc
2190 2689 2289 2748 in-

361 2776 598 2848 tegram
652 2774 950 2850 repetere
1004 2771 1284 2850 priorem
1326 2767 1669 2829 editionem
1708 2766 2021 2843 noluisset
2062 2790 2287 2853 meque

363 2860 433 2915 ut
493 2852 912 2933 emendatius,
968 2858 1261 2934 quantum
1303 2853 1446 2913 fieri
1489 2860 1737 2934 posset,
1793 2852 2138 2935 exemplum
2180 2874 2292 2937 pa-

362 2956 566 2998 rarem
609 2946 922 3017 rogasset,
982 2956 1235 3018 operam
1278 2956 1513 3015 meam,
1569 2938 1689 2997 etsi
1732 2936 1961 2998 exflem
2005 2939 2148 3001 fore
2188 2942 2289 3000 in-

360 3018 611 3099 tellexi,
653 3026 862 3081 tamen
892 3022 956 3081 ei
986 3020 1413 3101 denegandam
1442 3038 1582 3081 esse
1609 3040 1735 3081 non
1766 3023 2103 3084 arbitratus
2133 3043 2285 3084 sum.

363 3125 398 3166 e
443 3104 766 3166 codicibus
809 3105 1002 3184 igitur
1038 3124 1147 3166 eos
1179 3124 1333 3185 quos
1361 3104 1789 3166 Lachmannus
1819 3103 2012 3185 elegit
2039 3115 2289 3167 secutus

364 3208 494 3249 sum
509 3232 527 3267 ,
585 3188 1050 3267 Groninganum
1108 3188 1245 3249 dico
1306 3196 1372 3250 et
1422 3187 1934 3270 Neapolitanum3
1992 3210 2027 3249 a
2066 3191 2289 3271 quibus

361 3274 705 3353 proximum
749 3271 1000 3353 quidem
1027 3270 1236 3334 locum
1262 3279 1445 3333 tenet
1469 3273 1801 3353 Regiensis
1830 3273 2025 3334 editio
2040 3316 2060 3351 ,
2106 3292 2287 3352 quam

360 3356 786 3417 Lachmannus
843 3354 1085 3417 addidit
1102 3400 1122 3435 ,
1187 3363 1254 3417 et
1318 3356 1523 3418 codex·
1574 3353 2033 3433 Mentelianus,
2099 3373 2283 3434 quem

359 3442 496 3521 ipse
535 3436 685 3499 olim
719 3439 990 3519 contuli,
1021 3440 1136 3501 sed
1166 3441 1256 3501 ita
1283 3447 1492 3504 tamen
1518 3441 1895 3521 proximum,
1935 3442 2007 3495 ut
2034 3438 2287 3513 exiguus

360 3526 446 3585 ait
496 3525 720 3587 horum
771 3520 1078 3586 librorum
1131 3544 1297 3587 usus.
1362 3528 1418 3585 is
1474 3528 1678 3584 autem
1729 3522 1836 3599 qui
1887 3518 2113 3577 tertius
2160 3516 2287 3577 illis
