2592 3867
775 192 1733 277 LIBERIV,21,22,23.
2106 200 2213 264 83-

338 372 403 426 15
445 364 530 427 Et
553 366 658 441 sis,
681 382 802 442 qua
823 364 1085 443 Ortygia
1113 369 1180 423 et
1198 364 1457 429 visenda
1482 370 1583 425 eut
1612 386 1723 427 ora
1752 369 2021 449 Caystri,

523 448 609 521 Et
631 466 750 525 qua
771 451 1062 527 septenas
1082 453 1394 528 temperat
1414 445 1579 507 unda
1597 448 1759 516 vias:

444 530 664 590 Omnia
679 529 990 590 Romanae
1013 528 1240 590 cedent
1261 530 1557 591 miracula
1578 536 1819 591 terrae:

521 613 755 674 Natura
773 614 878 673 hic
898 615 1126 693 posuit,
1153 613 1449 693 quicquid
1467 615 1699 693 ubique
1718 615 1857 676 fuit.

441 698 648 757 Armis
669 702 812 777 apta
829 698 1022 775 magis
1041 696 1256 773 tellus,
1282 716 1463 776 quam
1484 698 1801 759 commoda
1820 718 2048 761 noxae:

333 790 406 842 20
523 780 794 857 Famam,
818 781 1030 859 Roma,
1051 788 1196 842 tuae
1215 799 1343 840 non
1362 779 1559 861 pudet
1578 783 1897 845 historiae.

438 864 495 923 N
497 883 590 924 am
615 871 908 943 quantum
927 864 1124 941 ferro,
1144 869 1382 923 tantum
1400 866 1636 943 pietate
1658 872 1950 946 potentes

517 948 760 1007 Stamus
775 968 793 1005 τ
835 948 1122 1007 victrices
1142 954 1453 1025 temperat
1471 949 1565 1007 ira
1584 968 1817 1009 manus,
2036 980 2044 987 ·

436 1032 558 1091 Hic
577 1032 738 1090 Anio
763 1030 1048 1091 Tiburne
1067 1032 1228 1106 fluis,
1254 1029 1603 1091 Clitumnus
1627 1033 1701 1091 ab
1723 1032 1957 1092 Umbro
1986 1059 1995 1065 ·

519 1114 822 1191 Tramite,
846 1120 912 1173 et
933 1120 1252 1173 aeternum
1279 1114 1555 1175 Marcius
1576 1115 1799 1175 humor
1820 1134 1994 1193 opus,

331 1208 398 1259 25
442 1197 720 1258 Albanus
740 1196 910 1257 lacus
933 1204 999 1256 et
1019 1198 1186 1257 socia
1205 1198 1605 1259 Nemorensis
1628 1200 1703 1258 ab
1727 1197 1910 1275 unda,

517 1282 796 1361 Potaque
819 1280 1092 1341 Pollucis
1114 1280 1367 1361 lympha
1388 1280 1651 1341 salubris
1676 1301 1857 1361 equo.

433 1367 521 1427 At
540 1385 666 1425 non
687 1384 1010 1443 squamoso
1031 1363 1325 1426 labuntur
1344 1370 1565 1425 ventre
1590 1371 1891 1443 cerastae,

514 1448 670 1510 Itala
689 1450 1000 1529 portentis
1022 1467 1140 1509 nec
1160 1450 1301 1509 fluit
1318 1447 1483 1509 unda
1500 1450 1693 1521 noviS,

430 1532 571 1593 Non
590 1534 694 1592 hic
715 1530 1150 1593 Andromedae
1173 1539 1467 1593 resonant
1486 1551 1601 1613 pro
1620 1540 1819 1594 matre
1844 1540 2121 1612 catenae,

326 1625 398 1679 30
517 1616 650 1675 Nec
674 1617 888 1675 tremis
913 1616 1236 1693 Ausonias,
1256 1615 1513 1675 Phoebe
1534 1616 1765 1694 fugate,
1790 1616 2000 1696 dapes,

433 1700 564 1759 Nec
591 1699 871 1776 cuiquam
899 1701 1186 1757 abnuente
1211 1702 1499 1757 arserunt
1516 1698 1585 1757 in
1604 1706 1787 1777 caput
1807 1700 1984 1777 ignes

512 1782 784 1843 Exitium
805 1788 950 1841 nato
973 1786 1172 1842 matre
1191 1787 1477 1841 movente
1502 1800 1633 1858 suo,

432 1867 716 1925 Penthea
735 1883 862 1925 non
883 1883 1100 1925 saevae
1123 1870 1423 1924 venantur
1444 1865 1511 1923 in
1532 1865 1757 1925 arbore
1781 1866 2081 1945 Bacchae,

511 1950 642 2009 Nec
669 1947 856 2009 solvit
878 1949 1116 2009 Danaa·
1139 1946 1385 2007 subdita
1406 1966 1588 2023 cerva
1606 1954 1797 2027 rates,

325 2042 393 2095 35
439 2034 686 2095 Cornua
706 2051 824 2092 nec
847 2033 1038 2094 valuit
1065 2050 1321 2093 curvare
1342 2032 1407 2092 in
1429 2032 1656 2111 pellice
1676 2032 1827 2093 Iuno

512 2120 639 2179 Aut
661 2118 886 2177 faeiem
911 2117 1081 2196 turpi
1104 2115 1489 2176 dedecorare
1508 2112 1686 2194 bove,

430 2203 868 2280 Arboreasque
891 2218 1110 2262 cruces
1133 2200 1321 2278 Sinis,
1346 2206 1411 2259 et
1432 2219 1559 2260 non
1578 2201 1825 2280 hospita
1846 2200 2053 2263 Graiis

516 2286 689 2363 Saxa,
713 2290 782 2345 et
803 2290 1078 2346 curvatas
1100 2285 1168 2344 in
1185 2304 1296 2343 sua
1318 2283 1444 2343 fata
1466 2285 1697 2345 trabes

429 2368 602 2429 Haec
615 2370 662 2428 ti
671 2370 752 2447 bi,
777 2367 986 2446 Tulle,
999 2386 1247 2449 paren-s,
1262 2368 1417 2427 haec
1432 2376 1529 2429 est
1539 2367 1957 2447 pulcherrima
1969 2366 2177 2449 sedes,
2293 2447 2301 2451 .

322 2461 395 2515 40
515 2454 636 2513 Hic
657 2454 774 2511 tibi
794 2472 910 2531 pro
935 2452 1120 2528 digna
1141 2457 1327 2529 gente
1350 2450 1656 2529 petendus
1678 2452 1897 2528 honoS,

429 2538 550 2597 Hic
577 2535 696 2594 tibi
720 2532 798 2592 ad
824 2532 1138 2611 eloquium
1161 2535 1349 2607 civeS,
1371 2534 1474 2592 hic
1498 2532 1697 2611 ampla
1716 2542 2011 2611 nepotum

511 2618 668 2699 Spes
693 2623 760 2676 et
778 2622 1076 2676 venturae
1103 2615 1381 2692 coniugis
1405 2621 1583 2694 aptus
1608 2634 1793 2675 amor.

291 2751 402 2846 23
437 2749 612 2863 Ergo
643 2790 765 2844 tam
787 2781 1008 2843 doctae
1029 2783 1208 2843 nobis
1231 2782 1485 2863 periere
1509 2779 1801 2859 tabellae,
1856 2842 1865 2851 ,

517 2869 764 2947 Scripta
787 2868 1006 2945 quibus
1027 2868 1266 2947 pariter
1285 2873 1385 2927 tot
1402 2866 1654 2945 periere
1675 2866 1853 2926 bona.

425 2955 553 3014 Has
578 2950 884 3031 quondam
905 2952 1136 3011 nostris
1158 2952 1435 3011 manibus
1460 2948 1801 3009 detriverat
1820 2968 1985 3027 usus,

510 3038 630 3112 Qui
649 3056 776 3097 non
801 3037 1068 3114 signatas
1091 3036 1270 3095 iussit
1290 3034 1523 3094 habere
1544 3032 1749 3093 fidem.

353 3128 386 3182 5
427 3118 576 3181 Blae
599 3121 719 3181 iam
741 3120 876 3180 sine
897 3137 996 3179 me
1018 3125 1242 3179 norant
1261 3117 1509 3199 placare
1528 3115 1765 3197 puellas

507 3204 594 3264 Et
615 3202 912 3281 quaedam
935 3204 1068 3263 sine
1093 3221 1192 3263 me
1211 3203 1405 3263 verba
1426 3200 1659 3262 diserta
1682 3200 1871 3279 loqui.

428 3287 567 3348 Non
591 3283 730 3346 illas
749 3288 935 3347 fixum
959 3306 1130 3347 caras
1153 3287 1453 3347 effecerat
1474 3305 1715 3346 aurum:

509 3368 769 3447 Vulgari
790 3371 948 3430 buxo
973 3370 1223 3431 sordida
1244 3388 1391 3431 cera
1406 3369 1543 3429 fuit.

431 3453 918 3532 qualescumque
941 3456 1090 3513 mihi
1113 3472 1359 3534 semper
1380 3443 1936 3591 manseressfigeles,
