2592 3867
908 160 1644 243 mannum.
2117 160 2243 227 103

416 341 449 395 5
495 334 628 410 Qua
649 350 826 393 sacer
848 332 1153 412 abripitur
1176 350 1361 391 caeco
1387 330 1722 391 descensus
1743 332 1938 409 hiatu,

578 416 711 491 Qua
739 421 1031 495 penetrat
1053 408 1290 501 (virgo,
1314 412 1441 475 tale
1464 416 1588 474 iter
1612 433 1791 475 omne
1814 408 2027 501 cave]
2094 421 2101 427 ‘

491 500 689 561 leiuni
711 501 1024 579 serpentis
1045 501 1265 577 honos,
1290 518 1427 559 cum
1447 496 1672 579 pabula
1692 500 1895 578 poscit

573 585 794 644 Annua
815 590 882 643 et
904 602 979 643 ex
999 585 1120 643 ima
1145 581 1327 643 sibila
1345 589 1601 662 torquet
1620 583 1825 643 humo.

494 666 673 731 Talia
695 667 996 729 demissae
1016 665 1256 747 pallent
1277 666 1356 726 ad
1378 686 1551 728 sacra
1571 663 1843 747 puellae,

389 764 456 815 10
579 752 735 812 Cum
754 758 994 812 temere
1019 752 1281 829 anguino
1308 750 1587 811 creditur
1611 768 1721 810 ore
1740 768 1971 811 manus.

491 834 604 897 me
629 836 748 896 sibi
771 834 1046 895 admotas
1069 855 1103 894 a
1121 835 1361 914 virgine
1386 835 1648 916 corripit
1670 853 1872 895 escas:

570 920 848 997 Virginis
869 920 935 977 in
953 915 1176 998 palmis
1196 920 1331 997 ipsa
1354 920 1621 979 canistra
1640 924 1933 977 tremunt.

497 1002 565 1063 Si
586 1003 827 1062 fuerint
848 1008 1073 1079 castae,
1095 1000 1365 1061 redeunt
1384 1004 1451 1061 in
1475 999 1634 1061 colla
1653 1007 1999 1081 parentum,

579 1086 982 1165 clamantque
1007 1084 1318 1163 agricolae
1341 1084 1595 1145 ‘fertilis
1617 1104 1809 1145 annus
1834 1086 2003 1145 erit?
2094 1155 2099 1160 ,

386 1181 453 1233 15
497 1172 636 1231 Huc
657 1188 794 1231 mea
817 1168 1094 1230 detonsis
1119 1176 1333 1230 avecta
1354 1176 1451 1229 est
1474 1170 1741 1249 Cynthia
1768 1170 2037 1228 mannis:

577 1256 775 1316 Causa
795 1254 916 1314 fuit
935 1253 1106 1331 Iuno,
1134 1252 1247 1313 aed
1267 1272 1445 1333 mage
1470 1272 1649 1313 causa
1670 1253 1903 1315 Venus.

493 1340 694 1420 Appia
721 1334 837 1417 dic,
863 1356 1112 1417 quaeso,
1136 1345 1429 1417 quantum
1449 1343 1517 1398 te
1537 1342 1701 1397 teste
1724 1336 2101 1417 triumphum

573 1424 798 1501 Egerit
823 1423 1037 1483 effusis
1057 1440 1174 1502 per
1194 1428 1301 1483 tua
1322 1441 1465 1483 saxa
1486 1423 1664 1500 rotis,

363 1570 374 1582 ,
494 1507 726 1586 Turpis
744 1507 812 1565 in
834 1525 1055 1566 arcana
1077 1508 1284 1565 sonuit
1307 1524 1445 1566 cum
1463 1508 1597 1566 rixa
1616 1507 1907 1579 taberna3

383 1600 455 1652 20
579 1590 648 1649 Si
670 1591 804 1649 sine
827 1608 948 1666 me,
969 1588 1168 1649 famae
1189 1608 1317 1649 non
1338 1591 1471 1649 sine
1493 1588 1634 1649 labe
1658 1606 1850 1650 meae.

497 1671 886 1753 spectaclum
906 1674 1042 1752 ipsa
1063 1670 1288 1732 sedens
1308 1674 1510 1752 primo
1534 1678 1781 1733 temone
1803 1669 2125 1753 pependit,

575 1756 743 1816 Ausa
761 1774 878 1836 per
895 1756 1153 1836 inpuros
1176 1755 1357 1815 frena
1377 1774 1627 1816 movere
1647 1754 1836 1816 locos.

495 1840 708 1900 Serica
732 1860 870 1899 nam
891 1846 1070 1899 taceo
1093 1837 1248 1900 volsi
1271 1846 1567 1920 carpenta
1587 1842 1833 1921 nepotis

565 1926 782 2003 ¹Atque
813 1922 1151 1984 armillatos
1175 1921 1337 1983 colla
1358 1921 1637 1984 Molossa
1659 1942 1861 2001 canes,

384 2017 455 2071 25
497 2009 615 2086 Qui
639 2007 812 2068 dabit
837 2006 1168 2069 inmundae
1189 2006 1432 2069 venalia
1454 2008 1581 2067 fata
1602 2010 1870 2087 saginae,

577 2093 806 2155 Vincet
823 2093 930 2152 ubi
951 2110 1158 2152 erasas
1180 2093 1372 2152 barba
1393 2090 1683 2173 pudenda
1706 2110 1909 2171 genas.

494 2178 649 2238 Cum
666 2178 854 2237 fieret
874 2182 1090 2236 nostro
1111 2178 1344 2237 totiens
1365 2178 1591 2237 iniuria
1611 2175 1804 2254 lecto,

572 2261 814 2321 Mutato
835 2260 1002 2321 volui
1024 2266 1224 2321 castra
1243 2278 1495 2321 movere
1516 2268 1676 2323 toro.

492 2343 728 2423 Phyllis
751 2344 1094 2405 Aventinae
1119 2345 1417 2424 quaedam
1442 2353 1539 2406 est
1559 2346 1759 2405 vicina
1778 2344 2031 2421 Dianae,

383 2435 454 2489 30
575 2429 796 2488 Sobria
823 2434 996 2505 grata
1016 2448 1260 2507 parum:
1310 2450 1443 2489 cum
1465 2430 1645 2506 bibit,
1669 2447 1847 2489 omne
1870 2428 2073 2489 decet.

493 2510 715 2570 Altera
739 2509 1046 2589 Tarpeios
1069 2514 1168 2568 est
1187 2512 1357 2569 inter
1378 2511 1538 2570 Teia
1555 2510 1750 2587 lucos,

576 2591 874 2671 Candida,
899 2591 1012 2652 sed
1029 2597 1215 2673 potae
1239 2612 1365 2652 non
1385 2594 1535 2652 satis
1556 2612 1711 2653 unus
1736 2595 1875 2653 erit.

491 2678 609 2737 His
633 2694 749 2755 ego
771 2678 1064 2737 constitui
1081 2683 1330 2737 noctem
1348 2676 1552 2737 lenire
1574 2679 1805 2737 vocatis

572 2761 657 2822 Et
676 2761 929 2823 Venere
950 2762 1162 2839 ignota
1183 2761 1352 2821 furta
1372 2780 1599 2822 novare
1623 2780 1775 2823 mea.

384 2852 453 2907 35
495 2846 668 2905 Unus
693 2850 830 2904 erat
855 2845 1052 2905 tribus
1075 2846 1142 2904 in
1163 2853 1407 2907 secreta
1426 2842 1689 2906 lectulus
1714 2847 1927 2906 herba.

576 2929 834 3006 Quaeris
857 2930 1216 2989 concubitus
1230 2930 1263 2987 22
1303 2932 1472 2991 inter
1493 2930 1817 3009 utramque
1838 2930 1950 2992 fui.

489 3013 836 3093 Lygdamus
858 3011 938 3072 ad
959 3010 1212 3091 cyathos
1234 3014 1503 3093 viti-ique
1528 3014 1759 3073 aestiva
1779 3010 2060 3095 supellex

569 3098 653 3156 Et
672 3098 1100 3177 Methymnaei
1125 3097 1364 3158 Graeca
1386 3095 1573 3157 saliva
1594 3098 1769 3157 meri.

491 3179 653 3256 Nile,
678 3186 818 3241 tuus
841 3182 1076 3242 tibicen
1099 3186 1255 3259 erat,
1280 3179 1659 3241 crotalistria
1679 3180 1941 3261 Phyllis,

385 3270 458 3325 40
575 3263 658 3323 Et
678 3264 878 3325 facilis
901 3267 1107 3345 spargi
1129 3264 1354 3326 munda
1374 3268 1508 3326 sinc
1532 3272 1666 3326 arte
1688 3285 1849 3343 rosa,

491 3346 698 3407 Nanus
723 3354 788 3407 et
807 3350 942 3428 ipse
966 3369 1108 3409 suos
1132 3351 1410 3411 breviter
1436 3356 1761 3410 concretus
1783 3350 1851 3407 in
1874 3351 2045 3406 artus

573 3431 844 3491 lactabat
862 3438 1112 3493 truncas
1136 3432 1214 3493 ad
1237 3452 1381 3495 cava
1398 3435 1557 3495 buxa
1578 3450 1806 3492 manus.
