2592 3867
457 198 550 265 9⁶
1063 188 1796 257 PROPERTII

559 377 591 430 ⁵
631 367 829 429 Docta
849 364 952 426 vel
973 362 1384 445 Hippolytum
1405 361 1646 423 Veneri
1670 358 1919 420 mollire
1938 368 2296 445 negantem,

719 448 1160 528 Concor-dique
1180 454 1323 507 toro
1345 447 1615 526 pessima
1636 462 1886 524 semper
1907 446 2058 523 avia,
2183 441 2194 453 '

631 532 1002 615 Penelopen
1023 550 1270 612 quoque
1289 528 1585 608 neglecto
1606 547 1859 589 rumore
1888 530 2096 589 mariti

716 619 970 679 Nubere
989 615 1216 677 lascivo
1241 619 1499 691 cogeret
1522 614 1815 673 Antinoo.

630 701 742 764 111·
760 698 935 778 velit,
959 700 1198 780 poterit
1219 715 1471 775 magnes
1492 715 1619 756 non
1642 695 1875 757 ducere
1896 698 2137 759 ferrum

527 797 596 849 10
714 786 798 847 Et
818 782 1090 844 volucris
1111 780 1278 842 nidis
1304 798 1443 840 esse
1464 797 1733 840 noverca
1755 782 1900 841 suis.

633 870 876 948 Quippe
899 873 985 944 et,
1010 862 1290 927 Collinae
1314 863 1393 924 ad
1412 864 1641 924 fossam
1660 860 1927 924 moverit
1945 866 2195 943 herbas,

716 952 956 1012 Stantia
977 950 1256 1011 currenti
1279 947 1671 1009 diluerentur
1691 967 1867 1027 aqua.

632 1034 848 1097 Audax
869 1039 1152 1095 cantatae
1177 1031 1354 1111 legen
1374 1033 1680 1112 inponere
1701 1028 1889 1092 lunae

713 1120 798 1181 Et
819 1137 928 1179 aua
949 1123 1254 1178 nocturno
1277 1113 1508 1176 fallere
1528 1122 1709 1193 terga
1727 1113 1898 1196 lupo,

528 1211 593 1263 15
636 1203 860 1264 Posset
881 1208 948 1263 et
969 1204 1244 1261 intento·
1268 1205 1405 1259 utu
1426 1217 1683 1260 caecare
1708 1200 1983 1277 maritos,

715 1287 1050 1347 cornicum
1070 1284 1393 1345 inmeritas
1416 1284 1583 1343 eruit
1602 1301 1806 1362 ungue
1829 1301 2038 1361 genas,

633 1367 1085 1448 consuluitque
1107 1368 1337 1445 striges
1358 1373 1575 1427 nostro
1604 1366 1683 1427 de
1706 1368 2000 1445 sanguine
2024 1372 2091 1428 et
2108 1368 2177 1427 in
2196 1385 2299 1429 me

710 1453 1133 1532 Hippomanes
1151 1451 1322 1511 fetae
1344 1452 1581 1512 semina
1601 1449 1759 1530 legit
1779 1468 1993 1529 equae.

627 1536 942 1599 Exorabat
961 1553 1116 1616 opus
1136 1536 1367 1612 verbis,
1395 1553 1511 1596 ceu
1529 1532 1759 1597 blanda
1779 1539 2071 1615 pererrat

524 1629 595 1682 20
717 1619 1129 1698 Saxosamque
1154 1621 1311 1680 terit
1338 1616 1557 1679 sedula
1578 1617 1761 1700 culpa
1779 1620 1966 1679 viam:

631 1704 723 1763 ‘Si
747 1710 811 1763 te
833 1704 966 1765 an
983 1704 1400 1764 Dorozantum
1420 1706 1587 1764 iuvat
1608 1721 1795 1763 aurea
1813 1705 1973 1783 ripa,
2048 1757 2067 1767 -

713 1789 796 1849 Et
819 1806 976 1867 quae
999 1789 1112 1849 sub
1139 1788 1335 1867 Tyria
1356 1788 1593 1848 coneha
1613 1788 1899 1868 superbit
1920 1806 2097 1866 aqua,

627 1872 1060 1953 Eurypylique
1081 1869 1292 1953 placet
1313 1872 1481 1933 Coae
1501 1878 1747 1933 textura
1766 1870 2089 1933 Minervae

717 1956 1026 2036 Sectaque
1048 1959 1122 2016 ab
1145 1953 1438 2016 Attalicis
1457 1957 1667 2036 putria
1687 1956 1861 2032 signa
1881 1957 2059 2033 toris,

523 2048 591 2100 25
637 2040 760 2100 Seu
789 2058 946 2117 quae
965 2038 1334 2119 palmiferae
1354 2040 1609 2098 mittunt
1627 2036 1871 2098 venalia
1890 2038 2174 2115 Thebae,

709 2122 1092 2200 Murreaque
1115 2122 1183 2179 in
1201 2121 1452 2181 Parthis
1472 2117 1697 2201 poeula
1714 2124 1891 2178 cocta
1911 2118 2091 2197 focis,

631 2205 872 2285 Sperne
892 2203 1101 2281 fidem,
1124 2203 1419 2283 provolve
1442 2203 1615 2282 deos,
1638 2200 1960 2269 mendacia
1978 2204 2247 2283 vincant,

706 2288 951 2364 Frange
979 2293 1044 2346 et
1067 2286 1395 2346 damnosae
1418 2288 1557 2347 iura
1574 2285 1933 2368 pudicitiae.

625 2370 710 2431 Et
730 2367 1022 2431 simulare
1043 2360 1241 2429 virum
1261 2371 1533 2449 pretium
1552 2372 1733 2431 facit:
1776 2377 1960 2432 utere
1982 2373 2211 2433 causist

520 2462 592 2518 30
713 2454 920 2515 Maior
943 2451 1134 2514 dssata
1153 2460 1342 2513 nocte
1362 2460 1653 2517 recurret
1674 2474 1861 2517 amor.

629 2537 698 2599 Si
718 2538 836 2599 tibi
857 2538 1026 2601 forte
1050 2556 1252 2598 comas
1271 2543 1590 2601 vexaverit
1609 2537 1783 2601 utilis
1804 2541 1920 2619 ira,

707 2624 863 2683 Post
883 2622 1065 2684 modo
1085 2629 1360 2683 mercata
1379 2643 1533 2704 pace
1554 2623 1933 2705 premendus
1954 2626 2093 2685 erit.
2112 2655 2118 2673 =

628 2708 914 2787 Denique
942 2708 1051 2768 ubi
1072 2704 1359 2787 amplexu
1378 2707 1697 2770 Venerem
1716 2709 2079 2789 promia-eri
2103 2711 2332 2789 empto,

707 2790 835 2852 Fac
857 2788 1112 2853 simules
1133 2811 1325 2871 puros
1345 2791 1527 2852 Inidia
1549 2810 1688 2855 ease
1712 2792 1866 2853 dies.

521 2882 589 2937 35
632 2875 880 2953 ingerat
898 2872 1152 2956 Apriles
1174 2873 1309 2936 Iole
1329 2876 1466 2954 tibi,
1488 2876 1711 2937 tundat
1730 2874 1987 2955 Amycle

713 2957 997 3019 Natalem
1015 2959 1201 3020 Maiis
1223 2958 1433 3021 Idibus
1454 2977 1596 3021 ease
1616 2967 1805 3021 tuum.
1934 3002 1938 3007 -

631 3041 906 3121 Supplex
927 3042 1042 3103 ille
1065 3043 1276 3104 sedet:
1322 3045 1525 3124 posita
1544 3051 1616 3106 tu
1636 3043 1839 3105 scribe
1864 3041 2161 3102 cathedra

713 3123 1070 3200 Quidlibetz
1110 3128 1221 3187 has
1243 3134 1412 3188 artes
1435 3128 1488 3188 si
1509 3134 1693 3209 pavet
1711 3126 1846 3204 ille,
1866 3132 2066 3187 tenea.

633 3206 894 3286 Semper
915 3208 1076 3268 habe
1098 3228 1339 3270 morsus
1362 3212 1527 3272 eirca
1546 3219 1653 3273 tua
1674 3208 1835 3271 colla
1853 3215 2166 3288 recentem

519 3300 593 3355 40
712 3290 956 3351 Litibus
981 3288 1241 3351 alternis
1265 3313 1419 3373 quoa
1439 3302 1621 3375 putet
1642 3312 1783 3355 eoae
1807 3293 2003 3356 datos.

626 3374 686 3434 N
687 3392 759 3435 ec
780 3379 848 3434 te
869 3373 1138 3434 Medeae
1164 3374 1483 3450 delectent
1501 3380 1734 3459 probra
1756 3379 2041 3459 sequacis

710 3453 991 3542 (Nempe
1010 3457 1156 3519 tulit
1173 3459 1371 3520 fastus
1390 3481 1535 3528 ausa
1554 3481 1781 3542 rogare
1799 3456 2043 3547 prior),
