2592 3867
509 200 592 265 ³6
1105 192 1830 259 PROPERTI!

675 367 817 435 Non
838 366 1078 428 ferrum
1099 362 1359 425 crudele
1378 382 1585 444 neque
1608 367 1778 423 esset
1796 359 2029 423 bellica
2048 364 2243 444 navis,

762 450 896 512 Nec
915 455 1132 511 nostra
1155 450 1471 512 Actiacum
1490 452 1774 508 verteret
1794 464 1933 507 ossa
1952 465 2145 525 mare,

569 544 638 597 45
679 534 738 597 N
739 552 813 595 ec
831 535 1066 595 totiens
1085 534 1361 613 propriis
1382 533 1615 591 circum
1635 534 1985 611 oppugnata
2003 531 2340 613 triumphis

761 618 952 679 Lassa
975 618 1145 677 foret
1167 617 1373 677 crines
1396 615 1640 677 solvere
1661 613 1856 675 Roma
1878 632 2041 677 suos.

678 703 854 763 Haec
875 706 1052 761 certe
1073 700 1296 759 merito
1318 704 1619 780 poterunt
1636 697 1893 760 laudare
1914 700 2218 760 minores:

758 784 1106 845 Laeserunt
1134 781 1339 846 nullos
1362 782 1586 864 pocula
1606 788 1819 843 nostra
1842 780 2011 843 deoS.

681 868 782 929 Tu
801 866 1007 947 modo,
1031 867 1176 929 <lum
1192 866 1387 946 lucet,
1408 868 1679 928 fructum
1698 885 1779 927 ne
1802 864 2027 926 desere
2049 867 2243 927 vitae:

575 960 646 1013 50
771 951 991 1013 Omnia
1013 954 1066 1012 si
1090 952 1343 1013 dederis
1366 951 1593 1031 oscula,
1614 970 1807 1032 pauca
1828 949 2019 1011 (labis.

681 1037 773 1097 Ac
799 1034 993 1097 veluti
1020 1036 1172 1099 folia
1193 1043 1443 1098 are-ntes
1463 1035 1713 1116 liquere
1737 1032 2029 1111 corollas,
2110 1076 2126 1085 -
2292 1060 2315 1099 x

762 1121 934 1197 Quae
954 1124 1186 1202 passim
1205 1120 1461 1182 calathis
1484 1126 1678 1181 strata
1696 1124 1911 1179 natare
1930 1116 2127 1195 vides,

603 1220 616 1227 ·
684 1204 787 1263 Sic
807 1206 1008 1281 nobis,
1033 1207 1140 1282 qui
1157 1224 1321 1263 nune
1342 1222 1623 1280 magnum
1648 1204 1949 1281 spiramus
1971 1206 2265 1279 amantes,

763 1285 1055 1345 Forsitan
1075 1283 1359 1345 includet
1380 1286 1648 1345 crastina
1666 1284 1795 1344 fata
1815 1283 1969 1346 dies.

597 1415 652 1509 8
681 1415 956 1511 Praetor
977 1452 1052 1511 ab
1071 1449 1343 1530 Illyricis
1354 1451 1525 1511 venit
1536 1449 1742 1529 modo,
1767 1450 2057 1529 cynthia,
2079 1451 2294 1531 terris,
2322 1415 2369 1508 1
2383 1414 2435 1508 6

765 1534 1034 1595 Maxima
1053 1533 1287 1615 praeda
1308 1535 1446 1613 tibi,
1473 1534 1730 1595 maxima
1752 1554 1899 1595 cura
1920 1534 2091 1596 mihi.
2200 1554 2207 1561 ·
2388 1565 2393 1569 ·
2564 1552 2568 1597 1

679 1617 820 1680 Non
842 1619 1049 1699 potuit
1069 1638 1211 1679 saxo
1237 1621 1427 1679 vitam
1445 1619 1729 1699 posuisse
1750 1620 2035 1680 Cerauno
2048 1617 2087 1677 ⁴3»

763 1703 866 1763 Ah
887 1703 1197 1785 Neptune,
1220 1704 1339 1764 tibi
1362 1700 1569 1783 qualia
1590 1699 1753 1763 (lona
1775 1702 2018 1763 darem!
2566 1738 2568 1813 q

608 1794 639 1847 5
680 1785 858 1848 Nune
881 1789 1017 1849 sine
1035 1806 1137 1848 me
1155 1786 1343 1868 plena
1359 1788 1520 1847 fiunt
1539 1788 1816 1848 convivia
1838 1806 2069 1865 mensa,
2566 1820 2568 1827 ι

765 1871 942 1934 Nune
965 1874 1101 1933 sine
1123 1890 1224 1933 me
1245 1877 1380 1932 tota
1398 1873 1578 1932 ianua
1594 1879 1779 1931 nocte
1800 1877 1994 1952 patet.
2066 1916 2078 1931 .
2566 1862 2569 1912 ¹

683 1956 911 2031 Quare,
935 1958 989 2015 si
1011 1958 1195 2034 sapis,
1219 1954 1455 2015 oblatas
1476 1973 1557 2014 ne
1582 1954 1808 2015 desere
1824 1972 2061 2015 messes
2102 2026 2112 2034 .

765 2037 849 2095 Et
871 2035 1163 2096 stolidum
1183 2034 1374 2114 pleno
1397 2036 1631 2095 vellere
1656 2055 1841 2115 carpe
1862 2056 2086 2115 pecus:

686 2117 950 2195 Deinde,
975 2120 1082 2177 ubi
1105 2123 1467 2198 consumpto
1488 2119 1754 2179 restabit
1772 2137 2027 2180 munere
2048 2137 2309 2201 pauper,

579 2211 649 2263 10
769 2201 884 2261 Dic
907 2198 1058 2260 alias
1081 2202 1310 2261 iterum
1330 2200 1855 2281 naviget-illyrius.

686 2282 956 2363 Cynthia
975 2303 1102 2343 non
1126 2288 1409 2363 sequitur
1429 2286 1631 2346 fasces
1652 2306 1771 2347 nec
1798 2295 1973 2348 curat
1992 2288 2289 2366 honores,

769 2366 1031 2447 Semper
1051 2373 1391 2431 amatorum
1409 2369 1719 2450 ponderat
1738 2368 1849 2431 illa
1877 2373 2064 2432 sinus.

684 2451 772 2511 At
790 2456 861 2511 tu
881 2470 1044 2511 nune
1064 2457 1305 2532 nostro,
1327 2454 1563 2533 Venus,
1585 2474 1620 2514 o
1646 2473 1939 2515 succurre
1963 2452 2188 2534 dolori,

767 2534 1034 2616 Rumpat
1055 2541 1126 2595 ut
1145 2536 1409 2599 assiduis
1430 2540 1707 2600 membra
1724 2536 2106 2600 libidinibus

578 2628 646 2683 15
687 2620 856 2699 Ergo
880 2621 1238 2681 muneribus
1264 2624 1461 2701 quivis
1484 2630 1795 2685 mereatur
1816 2622 2129 2685 amorem?

765 2705 1067 2785 Iuppiter,
1089 2703 1345 2783 indigna
1366 2725 1574 2767 meree
1596 2706 1807 2788 puella
1826 2710 2013 2789 perit.

689 2788 952 2869 Semper
971 2790 1038 2847 in
1058 2787 1371 2850 Oceanum
1391 2792 1586 2850 mittit
1604 2810 1705 2851 me
1728 2788 2325 2870 quaerere'gemmas

765 2873 852 2933 Et
876 2873 1050 2933 iubet
1072 2890 1148 2931 ex
1167 2873 1304 2952 ipsa
1324 2872 1549 2933 tollere
1574 2872 1735 2933 dona
1756 2875 1949 2952 Tyro.

687 2957 896 3033 Atque
917 2958 1152 3017 utinam
1170 2954 1402 3016 Romae
1429 2974 1609 3015 nemo
1633 2962 1803 3015 esset
1826 2956 1997 3016 dives
2020 2961 2086 3016 et
2105 2956 2243 3036 ipse

582 3048 654 3100 20
775 3038 1125 3100 Straminea
1143 3047 1360 3121 posset
1380 3039 1503 3100 dux
1520 3040 1802 3100 habitare
1826 3038 1991 3099 casa!

689 3120 1030 3199 Numquam
1047 3124 1298 3185 venales
1321 3130 1533 3185 essent
1552 3122 1629 3183 acl
1655 3142 1873 3183 munus
1896 3124 2147 3201 amicae,

769 3206 980 3283 Atque
1002 3224 1124 3266 una
1140 3207 1330 3267 fieret
1349 3227 1499 3268 cana
1515 3205 1725 3289 puella
1744 3206 1925 3267 domo
1942 3230 1960 3283 ς
2020 3221 2041 3289 j
2105 3258 2111 3263 .

687 3288 746 3349 N
747 3309 827 3348 on
849 3291 993 3368 quia
1014 3294 1304 3370 septenas
1325 3298 1542 3353 noctes
1566 3294 1844 3353 seiuncta
1866 3292 2130 3369 cubaris,

773 3372 1052 3433 Candida
1071 3380 1196 3433 tam
1214 3373 1402 3434 foedo
1425 3376 1678 3438 brachia
1698 3376 1837 3436 fusa
1857 3362 2013 3454 viro,
2108 3380 2115 3386 ’

577 3462 649 3518 25
690 3455 830 3518 Non
853 3458 995 3537 quia
1015 3458 1319 3539 peecariS,
1339 3463 1541 3521 testor
1560 3466 1649 3538 te,
1674 3457 1791 3521 sed
1812 3462 1954 3541 quia
1972 3457 2161 3536 vulgo
2252 3490 2273 3501 e
