2592 3867
451 140 588 247 Μ’
1044 177 1771 242 rnornnr11

706 344 967 408 Romula
986 364 1068 406 ne
1088 346 1312 406 faciem
1332 343 1619 405 laederet
1634 346 1813 405 hasta
1834 346 2015 407 Tatiz

622 430 904 510 Dumque
929 431 1096 491 subit
1111 430 1315 510 primo
1338 426 1647 510 Capitolia
1666 428 1878 489 nubila
1896 430 2090 511 fumo,

705 512 976 575 Rettulit
993 514 1250 573 hirs-uti
1273 514 1527 574 brachia
1546 518 1717 573 secta
1734 514 1931 590 rubis,

619 599 706 660 Et
727 618 836 658 sua
857 598 1129 678 Tarpeia
1146 595 1433 657 residens
1458 597 1548 655 ita
1565 597 1739 656 flevit
1758 597 1833 655 ab
1856 590 2001 659 arce

512 692 584 746 30
702 680 1000 758 Vulnera,
1024 681 1227 740 vicino
1247 698 1375 739 non
1396 677 1689 759 patienda
1707 678 1837 739 Iovi
1850 700 1871 739 ι
2106 744 2113 747 ,

622 765 825 843 ‘Ignes
847 770 1192 832 castrorum
1211 770 1277 824 et
1301 763 1519 824 Tatiae
1540 764 1857 843 praetoria
1880 769 2119 825 turmae

699 849 783 909 Et
805 848 1076 907 formosa
1095 845 1289 907 oculis
1314 866 1480 907 arma
1500 846 1726 906 Sabina
1744 848 1926 925 meis,

621 932 676 991 0
698 932 930 991 utinam
951 928 1029 990 ad
1051 936 1292 991 vestros
1314 928 1563 991 sedeam
1584 931 1821 1009 captiva
1839 930 2127 1010 Penates,

701 1015 860 1075 Dum
881 1016 1118 1095 captiva
1139 1015 1262 1075 mei
1285 1016 1609 1095 conspicer
1633 1033 1743 1073 ora
1763 1013 1928 1075 Tati.

511 1107 580 1161 3⁵
623 1098 880 1159 Romani
901 1104 1144 1160 montes
1165 1105 1232 1158 et
1249 1099 1561 1159 montibus
1584 1096 1795 1157 addita
1812 1097 2006 1158 Roma

533 1192 580 1207 ·’
701 1182 786 1243 Et
805 1181 1006 1243 valeat
1024 1184 1255 1261 probro
1279 1182 1475 1245 Vesta
1493 1180 1783 1261 pudenda
1804 1200 1963 1242 meo.

619 1264 737 1326 Ille
761 1283 976 1344 equus,
1005 1264 1119 1325 ille
1141 1283 1313 1326 meos
1334 1266 1399 1324 in
1422 1272 1621 1324 eastra
1640 1272 1907 1345 reponet
1929 1282 2189 1344 amores,

701 1349 817 1409 Cui
839 1348 1056 1408 Tatius
1079 1347 1328 1408 dextras
1351 1346 1615 1408 collocat
1640 1350 1775 1429 ipse
1796 1350 1987 1410 iubas·

619 1430 783 1509 Quid
801 1432 1024 1492 mirum
1043 1433 1108 1491 in
1127 1432 1363 1511 patrios
1384 1430 1651 1511 Scyllam
1674 1432 1937 1493 saevisse
1962 1428 2244 1511 capillos,

512 1523 584 1578 4⁰
704 1513 1106 1594 Candidaque
1133 1517 1199 1575 in
1220 1533 1437 1577 saevos
1455 1516 1708 1595 inguina
1730 1535 1907 1586 versa
1926 1516 2156 1575 canes?

615 1599 874 1659 Prodita
897 1597 1045 1678 quid
1065 1601 1288 1661 mirum
1306 1600 1573 1661 fraterni
1595 1620 1824 1661 cornua
1842 1599 2123 1677 monstri,

698 1683 854 1743 Cum
873 1685 1073 1763 patuit
1092 1683 1260 1745 lecto
1283 1687 1545 1745 stamine
1568 1691 1733 1745 torta
1750 1685 1890 1745 via?
2353 1758 2360 1765 ·

620 1767 927 1844 Quantum
953 1786 1070 1847 ego
1101 1787 1234 1829 sum
1259 1769 1551 1831 Ausoniis
1584 1770 1819 1829 crimen
1838 1768 2077 1829 factura
2102 1764 2363 1848 puellis,

699 1852 984 1932 Inproba
1005 1853 1281 1931 virgineo
1302 1851 1469 1913 lecta
1488 1855 1767 1913 ministra
1787 1853 1959 1913 foco!

507 1942 577 1997 45
617 1934 906 1997 Pallados
929 1938 1234 1997 extinctos
1259 1937 1314 1995 si
1337 1938 1473 2015 quis
1494 1938 1817 1998 mirabitur
1836 1938 2036 2015 igne&

694 2019 1011 2097 Ignoscat:
1053 2019 1324 2079 lacrimis
1347 2022 1655 2099 spargitur
1679 2039 1783 2078 ara
1800 2020 1975 2079 meis.

618 2101 790 2178 Cras,
813 2107 882 2159 ut
902 2120 1112 2159 rumor
1135 2104 1240 2179 ait,
1263 2108 1397 2161 tota
1416 2102 1783 2181 pugnabitur
1805 2101 1989 2159 urbe:

695 2184 796 2243 Τιι
817 2202 962 2244 eave
983 2185 1218 2263 spinosi
1239 2184 1451 2244 rorida
1470 2191 1647 2262 terga
1664 2185 1809 2261 iugi.
1838 2245 1853 2255 ,

611 2267 879 2328 Lubrica
897 2271 1030 2325 tota
1053 2268 1152 2325 via
1171 2273 1268 2327 est
1290 2274 1357 2325 et
1382 2267 1651 2347 perfida:
1697 2269 1926 2348 quippe
1948 2274 2231 2330 tacentes

501 2358 574 2411 50
693 2347 931 2409 Fallaei
954 2348 1115 2409 celat
1133 2347 1333 2410 limite
1356 2368 1602 2431 semper
1626 2371 1828 2431 aquas.

615 2434 668 2493 Ο
691 2434 920 2493 utinam
941 2434 1210 2511 magicae
1231 2452 1479 2495 nossem
1502 2437 1840 2497 cantamina
1861 2437 2110 2499 Musae!

695 2518 868 2577 Haeo
892 2536 1137 2597 quoque
1161 2517 1435 2579 formoso
1458 2519 1667 2599 lingua
1686 2520 1935 2583 tulisset
1960 2539 2155 2602 opem.

613 2602 710 2662 Te
731 2602 1070 2682 toga.picta
1093 2601 1298 2681 decet,
1321 2622 1447 2663 non
1474 2624 1657 2683 quem
1678 2606 1814 2665 sine
1840 2606 2050 2665 matris
2072 2606 2314 2664 honore

691 2686 905 2746 Nutrit
928 2687 1294 2747 inhumanae
1318 2686 1471 2749 dura
1490 2687 1722 2769 papilla
1746 2687 1948 2769 lupae.

504 2776 574 2830 ⁵5
617 2770 720 2830 Sic
741 2772 968 2849 hospes
990 2773 1298 2850 pariamve
1318 2778 1425 2831 tua
1444 2774 1660 2852 regina
1680 2774 1792 2833 sub
1817 2772 1971 2850 aula,

689 2854 816 2914 Dos
845 2854 962 2915 tibi
979 2873 1104 2914 non
1126 2854 1375 2916 humilis
1395 2855 1646 2934 prodita
1662 2856 1859 2916 Roma
1876 2858 2065 2916 venit.

613 2938 679 2996 Si
704 2940 924 3016 minus,
951 2943 1015 2997 at
1035 2945 1248 3018 raptae
1271 2957 1353 2998 ne
1376 2940 1501 2999 sint
1520 2942 1751 3019 inpune
1772 2940 2066 2998 Sabinae:

691 3020 800 3079 Me
821 3039 971 3100 rape
995 3028 1060 3082 et
1091 3021 1331 3103 alterna
1349 3021 1492 3099 lege
1516 3020 1793 3103 repende
1814 3022 2000 3081 vices.

613 3103 980 3163 Commissas
1005 3106 1167 3165 acies
1193 3124 1309 3183 ego
1330 3126 1579 3187 possum
1600 3105 1873 3167 solvere:
1917 3109 2167 3183 nuptae,

501 3192 571 3249 60
690 3183 820 3246 Vos
842 3185 1110 3247 medium
1130 3188 1298 3267 palla
1320 3190 1541 3251 foedus
1564 3190 1717 3249 inite
1743 3206 1895 3249 mea.

612 3267 794 3329 Adde
847 3270 1205 3347 Hymenaee
1263 3271 1479 3333 modos
1492 3316 1512 3351 ,
1566 3273 1821 3333 tubicen
1862 3272 2001 3331 fera
2042 3288 2353 3330 murmura

1568 3355 1799 3415 conde:

687 3435 966 3513 Credite,
989 3442 1194 3496 vestra
1216 3456 1387 3498 meus
1408 3437 1648 3499 molliet
1670 3460 1839 3500 arma
1858 3446 2050 3499 torus.
