<?xml version="1.0" encoding="UTF-8"?>
<!DOCTYPE html PUBLIC "-//W3C//DTD XHTML 1.0 Transitional//EN"
    "http://www.w3.org/TR/xhtml1/DTD/xhtml1-transitional.dtd">
<html xmlns="http://www.w3.org/1999/xhtml" xml:lang="en" lang="en">
 <head>
  <title>
</title>
<meta http-equiv="Content-Type" content="text/html;charset=utf-8" />
  <meta name='ocr-system' content='tesseract 3.04.00' />
  <meta name='ocr-capabilities' content='ocr_page ocr_carea ocr_par ocr_line ocrx_word'/>
</head>
<body>
  <div class='ocr_page' id='page_1' title='image "./sexpropertiiele00keilgoog_0010.png"; bbox 0 0 2592 3867; ppageno 0'>
   <div class='ocr_carea' id='block_1_1' title="bbox 329 248 1803 369">
    <p class='ocr_par' dir='ltr' id='par_1_1' title="bbox 329 248 1803 369">
     <span class='ocr_line' id='line_1_1' title="bbox 329 248 1803 369; baseline 0.003 -24"><span class='ocrx_word' id='word_1_1' title='bbox 329 282 406 345; x_wconf 82' lang='lat' dir='ltr'>w</span> <span class='ocrx_word' id='word_1_2' title='bbox 893 248 1665 351; x_wconf 68' lang='lat' dir='ltr'><strong>PRAEFATiQ</strong></span> <span class='ocrx_word' id='word_1_3' title='bbox 1783 252 1803 369; x_wconf 40' lang='grc' dir='ltr'>ζ</span> 
     </span>
    </p>
   </div>
   <div class='ocr_carea' id='block_1_2' title="bbox 303 449 2243 1872">
    <p class='ocr_par' dir='ltr' id='par_1_2' title="bbox 303 449 2243 1872">
     <span class='ocr_line' id='line_1_2' title="bbox 329 449 2243 530; baseline 0.001 -18"><span class='ocrx_word' id='word_1_4' title='bbox 329 452 566 513; x_wconf 88' lang='lat' dir='ltr'><strong>duobus</strong></span> <span class='ocrx_word' id='word_1_5' title='bbox 626 450 769 513; x_wconf 89' lang='lat' dir='ltr'><strong>addi</strong></span> <span class='ocrx_word' id='word_1_6' title='bbox 823 452 1016 530; x_wconf 83' lang='lat' dir='ltr'><strong>solet,</strong></span> <span class='ocrx_word' id='word_1_7' title='bbox 1072 451 1446 512; x_wconf 88' lang='lat' dir='ltr'><strong>Bernardini</strong></span> <span class='ocrx_word' id='word_1_8' title='bbox 1499 449 1722 521; x_wconf 79' lang='lat' dir='ltr'><strong>Vallae</strong></span> <span class='ocrx_word' id='word_1_9' title='bbox 1744 451 1929 513; x_wconf 90' lang='lat' dir='ltr'><strong>-liber</strong></span> <span class='ocrx_word' id='word_1_10' title='bbox 1972 474 2007 513; x_wconf 89' lang='lat' dir='ltr'><strong>a</strong></span> <span class='ocrx_word' id='word_1_11' title='bbox 2044 453 2243 517; x_wconf 84' lang='lat' dir='ltr'><strong>Fran-</strong></span> 
     </span>
     <span class='ocr_line' id='line_1_3' title="bbox 329 535 2240 615; baseline 0 -19"><span class='ocrx_word' id='word_1_12' title='bbox 329 538 492 596; x_wconf 90' lang='lat' dir='ltr'><strong>cisco</strong></span> <span class='ocrx_word' id='word_1_13' title='bbox 545 536 773 596; x_wconf 80' lang='lat' dir='ltr'><strong>Paccio</strong></span> <span class='ocrx_word' id='word_1_14' title='bbox 827 536 1195 597; x_wconf 83' lang='lat' dir='ltr'><strong>Florentino</strong></span> <span class='ocrx_word' id='word_1_15' title='bbox 1240 542 1569 615; x_wconf 80' lang='lat' dir='ltr'><strong>excerptus</strong></span> <span class='ocrx_word' id='word_1_16' title='bbox 1584 578 1603 615; x_wconf 85' lang='lat'>‚</span> <span class='ocrx_word' id='word_1_17' title='bbox 1658 536 1826 597; x_wconf 88' lang='lat' dir='ltr'><strong>haud</strong></span> <span class='ocrx_word' id='word_1_18' title='bbox 1864 535 2058 598; x_wconf 89' lang='lat' dir='ltr'><strong>multo</strong></span> <span class='ocrx_word' id='word_1_19' title='bbox 2104 556 2240 597; x_wconf 90' lang='lat' dir='ltr'><strong>cer-</strong></span> 
     </span>
     <span class='ocr_line' id='line_1_4' title="bbox 325 616 2239 699; baseline 0.001 -20"><span class='ocrx_word' id='word_1_20' title='bbox 325 620 506 680; x_wconf 87' lang='lat' dir='ltr'><strong>tioris</strong></span> <span class='ocrx_word' id='word_1_21' title='bbox 535 616 688 679; x_wconf 84' lang='lat' dir='ltr'><strong>fidei</strong></span> <span class='ocrx_word' id='word_1_22' title='bbox 730 627 862 699; x_wconf 79' lang='lat' dir='ltr'><strong>est,</strong></span> <span class='ocrx_word' id='word_1_23' title='bbox 906 638 1086 699; x_wconf 88' lang='lat' dir='ltr'><strong>quam</strong></span> <span class='ocrx_word' id='word_1_24' title='bbox 1112 620 1369 679; x_wconf 83' lang='lat' dir='ltr'><strong>Antonii</strong></span> <span class='ocrx_word' id='word_1_25' title='bbox 1406 618 1687 698; x_wconf 75' lang='lat' dir='ltr'><strong>Peri-eii,</strong></span> <span class='ocrx_word' id='word_1_26' title='bbox 1729 619 1956 699; x_wconf 84' lang='lat' dir='ltr'><strong>Angeli</strong></span> <span class='ocrx_word' id='word_1_27' title='bbox 1986 620 2239 699; x_wconf 85' lang='lat' dir='ltr'><strong>Colotii,</strong></span> 
     </span>
     <span class='ocr_line' id='line_1_5' title="bbox 327 700 2237 783; baseline 0.001 -22"><span class='ocrx_word' id='word_1_28' title='bbox 327 700 588 764; x_wconf 86' lang='lat' dir='ltr'><strong>aliorum</strong></span> <span class='ocrx_word' id='word_1_29' title='bbox 644 710 970 783; x_wconf 78' lang='lat' dir='ltr'><strong>excerpta3</strong></span> <span class='ocrx_word' id='word_1_30' title='bbox 1029 720 1146 761; x_wconf 90' lang='lat' dir='ltr'><strong>nec</strong></span> <span class='ocrx_word' id='word_1_31' title='bbox 1203 701 1537 781; x_wconf 75' lang='lat' dir='ltr'><strong>quidquam</strong></span> <span class='ocrx_word' id='word_1_32' title='bbox 1596 704 1744 763; x_wconf 91' lang='lat' dir='ltr'><strong>boni</strong></span> <span class='ocrx_word' id='word_1_33' title='bbox 1802 702 1902 763; x_wconf 87' lang='lat' dir='ltr'><strong>his</strong></span> <span class='ocrx_word' id='word_1_34' title='bbox 1957 705 2237 764; x_wconf 84' lang='lat' dir='ltr'><strong>omnibus</strong></span> 
     </span>
     <span class='ocr_line' id='line_1_6' title="bbox 325 782 2239 867; baseline 0 -20"><span class='ocrx_word' id='word_1_35' title='bbox 325 791 632 847; x_wconf 83' lang='lat' dir='ltr'><strong>servatum</strong></span> <span class='ocrx_word' id='word_1_36' title='bbox 687 805 826 847; x_wconf 84' lang='lat' dir='ltr'><strong>esse</strong></span> <span class='ocrx_word' id='word_1_37' title='bbox 877 792 1064 866; x_wconf 84' lang='lat' dir='ltr'><strong>puto,</strong></span> <span class='ocrx_word' id='word_1_38' title='bbox 1123 784 1289 865; x_wconf 87' lang='lat' dir='ltr'><strong>quod</strong></span> <span class='ocrx_word' id='word_1_39' title='bbox 1340 804 1467 845; x_wconf 88' lang='lat' dir='ltr'><strong>non</strong></span> <span class='ocrx_word' id='word_1_40' title='bbox 1504 782 1797 847; x_wconf 82' lang='lat' dir='ltr'><strong>Italorum</strong></span> <span class='ocrx_word' id='word_1_41' title='bbox 1835 787 2084 867; x_wconf 84' lang='lat' dir='ltr'><strong>ingenio</strong></span> <span class='ocrx_word' id='word_1_42' title='bbox 2129 786 2239 847; x_wconf 90' lang='lat' dir='ltr'><strong>de-</strong></span> 
     </span>
     <span class='ocr_line' id='line_1_7' title="bbox 323 869 2238 951; baseline 0 -21"><span class='ocrx_word' id='word_1_43' title='bbox 323 872 562 931; x_wconf 87' lang='lat' dir='ltr'><strong>beatur.</strong></span> <span class='ocrx_word' id='word_1_44' title='bbox 612 888 802 948; x_wconf 87' lang='lat' dir='ltr'><strong>quare</strong></span> <span class='ocrx_word' id='word_1_45' title='bbox 841 888 921 930; x_wconf 93' lang='lat' dir='ltr'><strong>ne</strong></span> <span class='ocrx_word' id='word_1_46' title='bbox 961 869 1176 929; x_wconf 86' lang='lat' dir='ltr'><strong>Puccii</strong></span> <span class='ocrx_word' id='word_1_47' title='bbox 1220 869 1472 950; x_wconf 86' lang='lat' dir='ltr'><strong>quidem</strong></span> <span class='ocrx_word' id='word_1_48' title='bbox 1507 872 1873 931; x_wconf 86' lang='lat' dir='ltr'><strong>auctoritate</strong></span> <span class='ocrx_word' id='word_1_49' title='bbox 1907 870 2238 951; x_wconf 76' lang='lat' dir='ltr'><strong>quidquam</strong></span> 
     </span>
     <span class='ocr_line' id='line_1_8' title="bbox 321 951 2237 1099; baseline 0.001 -86"><span class='ocrx_word' id='word_1_50' title='bbox 321 955 612 1033; x_wconf 87' lang='lat' dir='ltr'><strong>recipere</strong></span> <span class='ocrx_word' id='word_1_51' title='bbox 605 973 834 1099; x_wconf 37' lang='lat' dir='ltr'><strong>&amp;usp</strong></span> <span class='ocrx_word' id='word_1_52' title='bbox 877 973 1044 1032; x_wconf 79' lang='lat' dir='ltr'><strong>sum,</strong></span> <span class='ocrx_word' id='word_1_53' title='bbox 1085 954 1207 1013; x_wconf 89' lang='lat' dir='ltr'><strong>nisi</strong></span> <span class='ocrx_word' id='word_1_54' title='bbox 1235 954 1288 1014; x_wconf 94' lang='lat' dir='ltr'><strong>si</strong></span> <span class='ocrx_word' id='word_1_55' title='bbox 1321 951 1772 1016; x_wconf 77' lang='lat' dir='ltr'><strong>emendationis</strong></span> <span class='ocrx_word' id='word_1_56' title='bbox 1798 954 2237 1036; x_wconf 79' lang='lat' dir='ltr'><strong>probabilitate</strong></span> 
     </span>
     <span class='ocr_line' id='line_1_9' title="bbox 323 1055 2084 1101; baseline 0.002 -4"><span class='ocrx_word' id='word_1_57' title='bbox 323 1055 602 1098; x_wconf 89' lang='lat' dir='ltr'><strong>commen</strong></span> <span class='ocrx_word' id='word_1_58' title='bbox 683 1055 754 1098; x_wconf 88' lang='lat' dir='ltr'><strong>re</strong></span> <span class='ocrx_word' id='word_1_59' title='bbox 785 1058 879 1101; x_wconf 88' lang='lat' dir='ltr'><strong>ur.</strong></span> <span class='ocrx_word' id='word_1_60' title='bbox 2080 1071 2084 1076; x_wconf 92' lang='lat'>·</span> 
     </span>
     <span class='ocr_line' id='line_1_10' title="bbox 491 1120 2237 1183; baseline 0.001 -1"><span class='ocrx_word' id='word_1_61' title='bbox 491 1122 886 1182; x_wconf 85' lang='lat' dir='ltr'><strong>Coniecturis</strong></span> <span class='ocrx_word' id='word_1_62' title='bbox 942 1129 1146 1183; x_wconf 88' lang='lat' dir='ltr'><strong>autem</strong></span> <span class='ocrx_word' id='word_1_63' title='bbox 1189 1124 1319 1182; x_wconf 85' lang='lat' dir='ltr'><strong>sive</strong></span> <span class='ocrx_word' id='word_1_64' title='bbox 1363 1120 1623 1182; x_wconf 89' lang='lat' dir='ltr'><strong>aliorum</strong></span> <span class='ocrx_word' id='word_1_65' title='bbox 1666 1122 1796 1183; x_wconf 84' lang='lat' dir='ltr'><strong>sive</strong></span> <span class='ocrx_word' id='word_1_66' title='bbox 1838 1124 1993 1183; x_wconf 85' lang='lat' dir='ltr'><strong>meis</strong></span> <span class='ocrx_word' id='word_1_67' title='bbox 2032 1122 2237 1183; x_wconf 88' lang='lat' dir='ltr'><strong>locum</strong></span> 
     </span>
     <span class='ocr_line' id='line_1_11' title="bbox 322 1202 2237 1286; baseline -0.001 -20"><span class='ocrx_word' id='word_1_68' title='bbox 322 1223 462 1266; x_wconf 86' lang='lat' dir='ltr'><strong>esse</strong></span> <span class='ocrx_word' id='word_1_69' title='bbox 501 1202 697 1284; x_wconf 89' lang='lat' dir='ltr'><strong>nolui,</strong></span> <span class='ocrx_word' id='word_1_70' title='bbox 741 1206 864 1267; x_wconf 93' lang='lat' dir='ltr'><strong>nisi</strong></span> <span class='ocrx_word' id='word_1_71' title='bbox 905 1207 1020 1280; x_wconf 86' lang='lat' dir='ltr'><strong>eis,</strong></span> <span class='ocrx_word' id='word_1_72' title='bbox 1068 1224 1223 1284; x_wconf 90' lang='lat' dir='ltr'><strong>quae</strong></span> <span class='ocrx_word' id='word_1_73' title='bbox 1249 1206 1401 1265; x_wconf 81' lang='lat' dir='ltr'><strong>satis</strong></span> <span class='ocrx_word' id='word_1_74' title='bbox 1429 1206 1497 1263; x_wconf 91' lang='lat' dir='ltr'><strong>in</strong></span> <span class='ocrx_word' id='word_1_75' title='bbox 1528 1224 1595 1265; x_wconf 90' lang='lat' dir='ltr'><strong>se</strong></span> <span class='ocrx_word' id='word_1_76' title='bbox 1624 1206 1776 1285; x_wconf 77' lang='lat' dir='ltr'><strong>ipsis</strong></span> <span class='ocrx_word' id='word_1_77' title='bbox 1802 1206 2103 1286; x_wconf 89' lang='lat' dir='ltr'><strong>praesidii</strong></span> <span class='ocrx_word' id='word_1_78' title='bbox 2128 1208 2237 1266; x_wconf 88' lang='lat' dir='ltr'><strong>ha-</strong></span> 
     </span>
     <span class='ocr_line' id='line_1_12' title="bbox 319 1286 2235 1370; baseline -0.001 -21"><span class='ocrx_word' id='word_1_79' title='bbox 319 1291 474 1349; x_wconf 88' lang='lat' dir='ltr'><strong>bere</strong></span> <span class='ocrx_word' id='word_1_80' title='bbox 501 1287 884 1349; x_wconf 83' lang='lat' dir='ltr'><strong>viderentur.</strong></span> <span class='ocrx_word' id='word_1_81' title='bbox 927 1290 1098 1349; x_wconf 85' lang='lat' dir='ltr'><strong>cuius</strong></span> <span class='ocrx_word' id='word_1_82' title='bbox 1129 1289 1379 1367; x_wconf 83' lang='lat' dir='ltr'><strong>generis</strong></span> <span class='ocrx_word' id='word_1_83' title='bbox 1407 1289 1562 1348; x_wconf 89' lang='lat' dir='ltr'><strong>haec</strong></span> <span class='ocrx_word' id='word_1_84' title='bbox 1591 1286 1893 1369; x_wconf 70' lang='lat' dir='ltr'><strong>adscripsi</strong></span> <span class='ocrx_word' id='word_1_85' title='bbox 1922 1287 2235 1370; x_wconf 80' lang='lat' dir='ltr'><strong>exempla:</strong></span> 
     </span>
     <span class='ocr_line' id='line_1_13' title="bbox 319 1367 2234 1453; baseline 0.001 -22"><span class='ocrx_word' id='word_1_86' title='bbox 319 1372 376 1449; x_wconf 83' lang='grc' dir='ltr'><strong>Ι,</strong></span> <span class='ocrx_word' id='word_1_87' title='bbox 426 1371 538 1449; x_wconf 85' lang='grc'><strong>11,</strong></span> <span class='ocrx_word' id='word_1_88' title='bbox 580 1370 661 1431; x_wconf 84' lang='lat'><strong>21</strong></span> <span class='ocrx_word' id='word_1_89' title='bbox 710 1367 878 1432; x_wconf 88' lang='lat' dir='ltr'><strong>Nam</strong></span> <span class='ocrx_word' id='word_1_90' title='bbox 917 1372 1075 1434; x_wconf 63' lang='lat' dir='ltr'><strong>milen·</strong></span> <span class='ocrx_word' id='word_1_91' title='bbox 1107 1373 1330 1452; x_wconf 78' lang='lat' dir='ltr'><strong>scripsi</strong></span> <span class='ocrx_word' id='word_1_92' title='bbox 1360 1392 1476 1453; x_wconf 90' lang='lat' dir='ltr'><strong>pro</strong></span> <span class='ocrx_word' id='word_1_93' title='bbox 1520 1372 1627 1433; x_wconf 82' lang='lat' dir='ltr'><strong>An</strong></span> <span class='ocrx_word' id='word_1_94' title='bbox 1662 1372 1855 1443; x_wconf 50' lang='lat' dir='ltr'><strong>mike}</strong></span> <span class='ocrx_word' id='word_1_95' title='bbox 1907 1372 1992 1447; x_wconf 82' lang='grc' dir='ltr'><strong>ΙΙ,</strong></span> <span class='ocrx_word' id='word_1_96' title='bbox 2034 1372 2109 1451; x_wconf 84' lang='lat'><strong>3,</strong></span> <span class='ocrx_word' id='word_1_97' title='bbox 2152 1372 2234 1433; x_wconf 84' lang='lat'><strong>33</strong></span> 
     </span>
     <span class='ocr_line' id='line_1_14' title="bbox 303 1454 2234 1537; baseline -0.001 -20"><span class='ocrx_word' id='word_1_98' title='bbox 303 1457 562 1537; x_wconf 83' lang='lat' dir='ltr'><strong>flagrat</strong></span> <span class='ocrx_word' id='word_1_99' title='bbox 574 1474 688 1535; x_wconf 90' lang='lat' dir='ltr'><strong>pro</strong></span> <span class='ocrx_word' id='word_1_100' title='bbox 698 1456 980 1537; x_wconf 55' lang='lat' dir='ltr'><strong>flagrem</strong></span> <span class='ocrx_word' id='word_1_101' title='bbox 1007 1456 1108 1533; x_wconf 87' lang='lat'>111,</span> <span class='ocrx_word' id='word_1_102' title='bbox 1131 1454 1233 1533; x_wconf 82' lang='lat'><strong>32,</strong></span> <span class='ocrx_word' id='word_1_103' title='bbox 1255 1454 1337 1517; x_wconf 85' lang='lat'><strong>31</strong></span> <span class='ocrx_word' id='word_1_104' title='bbox 1364 1455 1565 1517; x_wconf 69' lang='lat' dir='ltr'><strong>Latiis</strong></span> <span class='ocrx_word' id='word_1_105' title='bbox 1583 1456 1894 1536; x_wconf 77' lang='lat' dir='ltr'><strong>Meropem</strong></span> <span class='ocrx_word' id='word_1_106' title='bbox 1912 1455 2107 1517; x_wconf 74' lang='lat' dir='ltr'><strong>Musis</strong></span> <span class='ocrx_word' id='word_1_107' title='bbox 2118 1476 2234 1537; x_wconf 89' lang='lat' dir='ltr'><strong>pro</strong></span> 
     </span>
     <span class='ocr_line' id='line_1_15' title="bbox 317 1538 2235 1601; baseline 0.002 -3"><span class='ocrx_word' id='word_1_108' title='bbox 317 1541 522 1599; x_wconf 70' lang='lat' dir='ltr'><strong>satius</strong></span> <span class='ocrx_word' id='word_1_109' title='bbox 563 1558 896 1600; x_wconf 84' lang='lat' dir='ltr'><strong>memorem</strong></span> <span class='ocrx_word' id='word_1_110' title='bbox 940 1539 1136 1601; x_wconf 68' lang='lat' dir='ltr'><strong>Musis</strong></span> <span class='ocrx_word' id='word_1_111' title='bbox 1170 1560 1307 1600; x_wconf 84' lang='lat' dir='ltr'><strong>cum</strong></span> <span class='ocrx_word' id='word_1_112' title='bbox 1343 1538 1497 1600; x_wconf 81' lang='lat' dir='ltr'><strong>alios</strong></span> <span class='ocrx_word' id='word_1_113' title='bbox 1530 1546 1657 1601; x_wconf 88' lang='lat' dir='ltr'><strong>tum</strong></span> <span class='ocrx_word' id='word_1_114' title='bbox 1696 1539 2235 1601; x_wconf 84' lang='lat' dir='ltr'><strong>Schneidewinum</strong></span> 
     </span>
     <span class='ocr_line' id='line_1_16' title="bbox 316 1618 2233 1705; baseline 0.001 -23"><span class='ocrx_word' id='word_1_115' title='bbox 316 1621 598 1689; x_wconf 66' lang='lat' dir='ltr'><strong>Philol.,1</strong></span> <span class='ocrx_word' id='word_1_116' title='bbox 638 1643 700 1704; x_wconf 94' lang='lat' dir='ltr'><strong>p.</strong></span> <span class='ocrx_word' id='word_1_117' title='bbox 721 1618 844 1683; x_wconf 83' lang='lat'><strong>170</strong></span> <span class='ocrx_word' id='word_1_118' title='bbox 874 1633 1156 1699; x_wconf 81' lang='lat' dir='ltr'><strong>secutus3</strong></span> <span class='ocrx_word' id='word_1_119' title='bbox 1199 1624 1305 1703; x_wconf 89' lang='lat' dir='ltr'><strong>IV,</strong></span> <span class='ocrx_word' id='word_1_120' title='bbox 1338 1622 1399 1701; x_wconf 83' lang='lat'><strong>6,</strong></span> <span class='ocrx_word' id='word_1_121' title='bbox 1429 1623 1512 1685; x_wconf 81' lang='lat'><strong>22</strong></span> <span class='ocrx_word' id='word_1_122' title='bbox 1546 1623 2092 1689; x_wconf 73' lang='lat' dir='ltr'><strong>Athamantiadae</strong></span> <span class='ocrx_word' id='word_1_123' title='bbox 2118 1644 2233 1705; x_wconf 86' lang='lat' dir='ltr'><strong>pro</strong></span> 
     </span>
     <span class='ocr_line' id='line_1_17' title="bbox 317 1702 2230 1789; baseline 0.001 -22"><span class='ocrx_word' id='word_1_124' title='bbox 317 1706 616 1767; x_wconf 74' lang='lat' dir='ltr'><strong>minantis</strong></span> <span class='ocrx_word' id='word_1_125' title='bbox 645 1727 868 1789; x_wconf 81' lang='lat' dir='ltr'><strong>aquae,</strong></span> <span class='ocrx_word' id='word_1_126' title='bbox 901 1708 980 1769; x_wconf 85' lang='lat' dir='ltr'><strong>cf.</strong></span> <span class='ocrx_word' id='word_1_127' title='bbox 1013 1707 1403 1769; x_wconf 80' lang='lat' dir='ltr'><strong>Schneidew.</strong></span> <span class='ocrx_word' id='word_1_128' title='bbox 1424 1707 1574 1769; x_wconf 86' lang='lat' dir='ltr'><strong>ibid.</strong></span> <span class='ocrx_word' id='word_1_129' title='bbox 1598 1727 1657 1788; x_wconf 87' lang='lat' dir='ltr'><strong>p.</strong></span> <span class='ocrx_word' id='word_1_130' title='bbox 1673 1702 1835 1783; x_wconf 85' lang='lat'><strong>376;</strong></span> <span class='ocrx_word' id='word_1_131' title='bbox 1879 1702 1990 1784; x_wconf 83' lang='lat'><strong>14‚</strong></span> <span class='ocrx_word' id='word_1_132' title='bbox 2025 1706 2109 1768; x_wconf 80' lang='lat'><strong>32</strong></span> <span class='ocrx_word' id='word_1_133' title='bbox 2140 1726 2230 1787; x_wconf 90' lang='lat' dir='ltr'><strong>sq.</strong></span> 
     </span>
     <span class='ocr_line' id='line_1_18' title="bbox 315 1788 2234 1872; baseline 0.001 -23"><span class='ocrx_word' id='word_1_134' title='bbox 315 1788 532 1851; x_wconf 74' lang='lat' dir='ltr'><strong>Eurus</strong></span> <span class='ocrx_word' id='word_1_135' title='bbox 570 1799 634 1853; x_wconf 85' lang='lat' dir='ltr'><strong>et</strong></span> <span class='ocrx_word' id='word_1_136' title='bbox 679 1792 937 1853; x_wconf 74' lang='lat' dir='ltr'><strong>adverso</strong></span> <span class='ocrx_word' id='word_1_137' title='bbox 981 1825 1066 1837; x_wconf 88' lang='lat'><strong>·—</strong></span> <span class='ocrx_word' id='word_1_138' title='bbox 1108 1791 1324 1855; x_wconf 73' lang='lat' dir='ltr'><strong>Litore</strong></span> <span class='ocrx_word' id='word_1_139' title='bbox 1365 1792 1481 1853; x_wconf 75' lang='lat' dir='ltr'><strong>sub</strong></span> <span class='ocrx_word' id='word_1_140' title='bbox 1522 1793 1717 1853; x_wconf 74' lang='lat' dir='ltr'><strong>tacito</strong></span> <span class='ocrx_word' id='word_1_141' title='bbox 1757 1811 1874 1872; x_wconf 88' lang='lat' dir='ltr'><strong>pro</strong></span> <span class='ocrx_word' id='word_1_142' title='bbox 1917 1790 2133 1853; x_wconf 73' lang='lat' dir='ltr'><strong>Eurus</strong></span> <span class='ocrx_word' id='word_1_143' title='bbox 2169 1793 2234 1851; x_wconf 74' lang='lat' dir='ltr'><strong>in</strong></span> 
     </span>
    </p>
   </div>
   <div class='ocr_carea' id='block_1_3' title="bbox 318 1872 2331 1951">
    <p class='ocr_par' dir='ltr' id='par_1_3' title="bbox 318 1872 2331 1951">
     <span class='ocr_line' id='line_1_19' title="bbox 318 1872 2331 1951; baseline -0 -18"><span class='ocrx_word' id='word_1_144' title='bbox 318 1872 610 1933; x_wconf 70' lang='lat' dir='ltr'><strong>adversos</strong></span> <span class='ocrx_word' id='word_1_145' title='bbox 649 1909 733 1919; x_wconf 93' lang='lat'><strong>—</strong></span> <span class='ocrx_word' id='word_1_146' title='bbox 779 1874 990 1937; x_wconf 72' lang='lat' dir='ltr'><strong>Litore</strong></span> <span class='ocrx_word' id='word_1_147' title='bbox 1015 1879 1104 1937; x_wconf 68' lang='lat' dir='ltr'><strong>sic</strong></span> <span class='ocrx_word' id='word_1_148' title='bbox 1133 1879 1329 1939; x_wconf 70' lang='lat' dir='ltr'><strong>tacito</strong></span> <span class='ocrx_word' id='word_1_149' title='bbox 1342 1900 1374 1947; x_wconf 91' lang='lat'><strong>,·</strong></span> <span class='ocrx_word' id='word_1_150' title='bbox 1415 1875 1529 1951; x_wconf 84' lang='grc'><strong>18,</strong></span> <span class='ocrx_word' id='word_1_151' title='bbox 1572 1875 1655 1935; x_wconf 78' lang='lat'><strong>22</strong></span> <span class='ocrx_word' id='word_1_152' title='bbox 1694 1874 1919 1937; x_wconf 80' lang='lat' dir='ltr'><strong>tondes</strong></span> <span class='ocrx_word' id='word_1_153' title='bbox 1943 1896 2057 1947; x_wconf 79' lang='lat' dir='ltr'><strong>pro</strong></span> <span class='ocrx_word' id='word_1_154' title='bbox 2091 1883 2226 1934; x_wconf 84' lang='lat' dir='ltr'><strong>ton·</strong></span> <span class='ocrx_word' id='word_1_155' title='bbox 2320 1926 2331 1932; x_wconf 88' lang='grc'><strong><em>,</em></strong></span> 
     </span>
    </p>
   </div>
   <div class='ocr_carea' id='block_1_4' title="bbox 315 1956 2238 2119">
    <p class='ocr_par' dir='ltr' id='par_1_4' title="bbox 315 1956 2238 2119">
     <span class='ocr_line' id='line_1_20' title="bbox 317 1956 2231 2034; baseline 0.002 -20"><span class='ocrx_word' id='word_1_156' title='bbox 317 1956 470 2015; x_wconf 80' lang='lat' dir='ltr'><strong>dem</strong></span> <span class='ocrx_word' id='word_1_157' title='bbox 481 1979 512 2026; x_wconf 84' lang='lat'><strong>,·</strong></span> <span class='ocrx_word' id='word_1_158' title='bbox 531 1956 735 2027; x_wconf 61' lang='lat'>2215</span> <span class='ocrx_word' id='word_1_159' title='bbox 758 1957 849 2019; x_wconf 78' lang='lat' dir='ltr'><strong>Et</strong></span> <span class='ocrx_word' id='word_1_160' title='bbox 869 1962 957 2021; x_wconf 75' lang='lat' dir='ltr'><strong>sis</strong></span> <span class='ocrx_word' id='word_1_161' title='bbox 985 1980 1110 2029; x_wconf 76' lang='lat' dir='ltr'><strong>aua</strong></span> <span class='ocrx_word' id='word_1_162' title='bbox 1137 1962 1402 2031; x_wconf 55' lang='lat' dir='ltr'><strong>Ortygia</strong></span> <span class='ocrx_word' id='word_1_163' title='bbox 1430 1966 1498 2018; x_wconf 85' lang='lat' dir='ltr'><strong>et</strong></span> <span class='ocrx_word' id='word_1_164' title='bbox 1515 1956 1774 2019; x_wconf 71' lang='lat' dir='ltr'><strong>visenda</strong></span> <span class='ocrx_word' id='word_1_165' title='bbox 1802 1964 1896 2017; x_wconf 78' lang='lat' dir='ltr'><strong>est</strong></span> <span class='ocrx_word' id='word_1_166' title='bbox 1924 1974 2036 2016; x_wconf 85' lang='lat' dir='ltr'><strong>ora</strong></span> <span class='ocrx_word' id='word_1_167' title='bbox 2074 1958 2231 2034; x_wconf 74' lang='lat' dir='ltr'><strong>Cay-</strong></span> 
     </span>
     <span class='ocr_line' id='line_1_21' title="bbox 315 2038 2238 2119; baseline -0.001 -20"><span class='ocrx_word' id='word_1_168' title='bbox 315 2040 436 2099; x_wconf 71' lang='lat' dir='ltr'><strong>stri</strong></span> <span class='ocrx_word' id='word_1_169' title='bbox 481 2059 596 2118; x_wconf 86' lang='lat' dir='ltr'><strong>pro</strong></span> <span class='ocrx_word' id='word_1_170' title='bbox 655 2047 718 2099; x_wconf 82' lang='lat' dir='ltr'><strong>et</strong></span> <span class='ocrx_word' id='word_1_171' title='bbox 776 2040 838 2099; x_wconf 73' lang='lat' dir='ltr'><strong>st·</strong></span> <span class='ocrx_word' id='word_1_172' title='bbox 873 2058 1000 2117; x_wconf 83' lang='lat' dir='ltr'><strong>qua</strong></span> <span class='ocrx_word' id='word_1_173' title='bbox 1049 2041 1348 2119; x_wconf 74' lang='lat' dir='ltr'><strong>Ortygiae</strong></span> <span class='ocrx_word' id='word_1_174' title='bbox 1391 2038 1647 2099; x_wconf 70' lang='lat' dir='ltr'><strong>visenda</strong></span> <span class='ocrx_word' id='word_1_175' title='bbox 1690 2046 1787 2098; x_wconf 76' lang='lat' dir='ltr'><strong>est</strong></span> <span class='ocrx_word' id='word_1_176' title='bbox 1830 2058 1941 2098; x_wconf 85' lang='lat' dir='ltr'><strong>ora</strong></span> <span class='ocrx_word' id='word_1_177' title='bbox 1986 2038 2238 2118; x_wconf 74' lang='lat' dir='ltr'><strong>Caystri</strong></span> 
     </span>
    </p>
   </div>
   <div class='ocr_carea' id='block_1_5' title="bbox 304 2116 2227 2951">
    <p class='ocr_par' dir='ltr' id='par_1_5' title="bbox 304 2116 2227 2951">
     <span class='ocr_line' id='line_1_22' title="bbox 323 2116 2227 2203; baseline 0.002 -26"><span class='ocrx_word' id='word_1_178' title='bbox 323 2137 360 2177; x_wconf 91' lang='lat' dir='ltr'><strong>e</strong></span> <span class='ocrx_word' id='word_1_179' title='bbox 391 2121 747 2183; x_wconf 86' lang='lat' dir='ltr'><strong>coniectura</strong></span> <span class='ocrx_word' id='word_1_180' title='bbox 761 2122 1030 2203; x_wconf 76' lang='lat' dir='ltr'><strong>,Hauptii</strong></span> <span class='ocrx_word' id='word_1_181' title='bbox 1057 2124 1221 2183; x_wconf 84' lang='lat' dir='ltr'><strong>Mus.</strong></span> <span class='ocrx_word' id='word_1_182' title='bbox 1247 2122 1447 2181; x_wconf 85' lang='lat' dir='ltr'><strong>Rhen.</strong></span> <span class='ocrx_word' id='word_1_183' title='bbox 1476 2136 1534 2187; x_wconf 74' lang='lat' dir='ltr'><strong>a.</strong></span> <span class='ocrx_word' id='word_1_184' title='bbox 1606 2116 1803 2195; x_wconf 85' lang='lat'>1845;</span> <span class='ocrx_word' id='word_1_185' title='bbox 1855 2119 1935 2199; x_wconf 86' lang='lat' dir='ltr'><strong>V,</strong></span> <span class='ocrx_word' id='word_1_186' title='bbox 1983 2120 2055 2200; x_wconf 87' lang='lat'><strong>1,</strong></span> <span class='ocrx_word' id='word_1_187' title='bbox 2105 2118 2227 2181; x_wconf 86' lang='lat'><strong>125</strong></span> 
     </span>
     <span class='ocr_line' id='line_1_23' title="bbox 314 2202 2227 2287; baseline 0.001 -26"><span class='ocrx_word' id='word_1_188' title='bbox 314 2202 489 2262; x_wconf 66' lang='lat' dir='ltr'><strong>Asici</strong></span> <span class='ocrx_word' id='word_1_189' title='bbox 523 2222 640 2282; x_wconf 89' lang='lat' dir='ltr'><strong>pro</strong></span> <span class='ocrx_word' id='word_1_190' title='bbox 685 2204 814 2263; x_wconf 66' lang='lat' dir='ltr'><strong>asie</strong></span> <span class='ocrx_word' id='word_1_191' title='bbox 871 2207 1124 2261; x_wconf 91' lang='lat' dir='ltr'><strong>auctore</strong></span> <span class='ocrx_word' id='word_1_192' title='bbox 1181 2204 1609 2278; x_wconf 78' lang='lat' dir='ltr'><strong>Lachmann03</strong></span> <span class='ocrx_word' id='word_1_193' title='bbox 1678 2202 1750 2281; x_wconf 88' lang='lat'><strong>5,</strong></span> <span class='ocrx_word' id='word_1_194' title='bbox 1811 2202 1891 2268; x_wconf 89' lang='lat'><strong>19</strong></span> <span class='ocrx_word' id='word_1_195' title='bbox 1936 2212 2227 2287; x_wconf 80' lang='lat' dir='ltr'><strong>pererrat</strong></span> 
     </span>
     <span class='ocr_line' id='line_1_24' title="bbox 310 2284 2223 2369; baseline 0.002 -25"><span class='ocrx_word' id='word_1_196' title='bbox 310 2304 427 2365; x_wconf 90' lang='lat' dir='ltr'><strong>pro</strong></span> <span class='ocrx_word' id='word_1_197' title='bbox 462 2295 734 2367; x_wconf 80' lang='lat' dir='ltr'><strong>perurat</strong></span> <span class='ocrx_word' id='word_1_198' title='bbox 778 2306 815 2347; x_wconf 88' lang='lat' dir='ltr'><strong>e</strong></span> <span class='ocrx_word' id='word_1_199' title='bbox 863 2290 1222 2348; x_wconf 89' lang='lat' dir='ltr'><strong>coniectura</strong></span> <span class='ocrx_word' id='word_1_200' title='bbox 1260 2286 1335 2349; x_wconf 88' lang='lat' dir='ltr'><strong>F.</strong></span> <span class='ocrx_word' id='word_1_201' title='bbox 1370 2288 1586 2349; x_wconf 86' lang='lat' dir='ltr'><strong>Jacobi</strong></span> <span class='ocrx_word' id='word_1_202' title='bbox 1626 2284 1855 2350; x_wconf 91' lang='lat' dir='ltr'><strong>Philol.</strong></span> <span class='ocrx_word' id='word_1_203' title='bbox 1900 2287 1957 2347; x_wconf 90' lang='lat'><strong>11</strong></span> <span class='ocrx_word' id='word_1_204' title='bbox 1989 2308 2050 2369; x_wconf 85' lang='lat' dir='ltr'><strong>p.</strong></span> <span class='ocrx_word' id='word_1_205' title='bbox 2081 2287 2223 2365; x_wconf 75' lang='lat'>459,</span> 
     </span>
     <span class='ocr_line' id='line_1_25' title="bbox 311 2370 2225 2453; baseline 0.002 -25"><span class='ocrx_word' id='word_1_206' title='bbox 311 2370 418 2448; x_wconf 88' lang='lat' dir='ltr'><strong>qui</strong></span> <span class='ocrx_word' id='word_1_207' title='bbox 455 2377 787 2449; x_wconf 86' lang='lat' dir='ltr'><strong>praeterea</strong></span> <span class='ocrx_word' id='word_1_208' title='bbox 822 2372 889 2429; x_wconf 90' lang='lat' dir='ltr'><strong>in</strong></span> <span class='ocrx_word' id='word_1_209' title='bbox 918 2372 1207 2451; x_wconf 86' lang='lat' dir='ltr'><strong>sequenti</strong></span> <span class='ocrx_word' id='word_1_210' title='bbox 1232 2390 1418 2432; x_wconf 86' lang='lat' dir='ltr'><strong>versu</strong></span> <span class='ocrx_word' id='word_1_211' title='bbox 1430 2371 1591 2449; x_wconf 74' lang='lat' dir='ltr'><strong>ferit</strong></span> <span class='ocrx_word' id='word_1_212' title='bbox 1617 2404 1709 2427; x_wconf 40' lang='lat' dir='ltr'>q</span> <span class='ocrx_word' id='word_1_213' title='bbox 1725 2378 1920 2453; x_wconf 76' lang='lat' dir='ltr'><strong>gutta</strong></span> <span class='ocrx_word' id='word_1_214' title='bbox 1948 2372 2225 2432; x_wconf 87' lang='lat' dir='ltr'><strong>scriben-</strong></span> 
     </span>
     <span class='ocr_line' id='line_1_26' title="bbox 310 2450 2225 2536; baseline 0.001 -23"><span class='ocrx_word' id='word_1_215' title='bbox 310 2450 454 2513; x_wconf 90' lang='lat' dir='ltr'><strong>dum</strong></span> <span class='ocrx_word' id='word_1_216' title='bbox 496 2470 636 2513; x_wconf 89' lang='lat' dir='ltr'><strong>esse</strong></span> <span class='ocrx_word' id='word_1_217' title='bbox 671 2455 956 2517; x_wconf 90' lang='lat' dir='ltr'><strong>coniecit.</strong></span> <span class='ocrx_word' id='word_1_218' title='bbox 1004 2460 1220 2515; x_wconf 88' lang='lat' dir='ltr'><strong>contra</strong></span> <span class='ocrx_word' id='word_1_219' title='bbox 1249 2453 1537 2536; x_wconf 86' lang='lat' dir='ltr'><strong>plurima,</strong></span> <span class='ocrx_word' id='word_1_220' title='bbox 1582 2474 1739 2535; x_wconf 88' lang='lat' dir='ltr'><strong>quae</strong></span> <span class='ocrx_word' id='word_1_221' title='bbox 1768 2462 2061 2536; x_wconf 90' lang='lat' dir='ltr'><strong>corrupta</strong></span> <span class='ocrx_word' id='word_1_222' title='bbox 2087 2472 2225 2516; x_wconf 87' lang='lat' dir='ltr'><strong>esse</strong></span> 
     </span>
     <span class='ocr_line' id='line_1_27' title="bbox 306 2536 2223 2622; baseline 0.002 -28"><span class='ocrx_word' id='word_1_223' title='bbox 306 2536 459 2595; x_wconf 85' lang='lat' dir='ltr'><strong>mihi</strong></span> <span class='ocrx_word' id='word_1_224' title='bbox 499 2554 862 2617; x_wconf 87' lang='lat' dir='ltr'><strong>persuasum</strong></span> <span class='ocrx_word' id='word_1_225' title='bbox 904 2546 1072 2619; x_wconf 85' lang='lat' dir='ltr'><strong>erat,</strong></span> <span class='ocrx_word' id='word_1_226' title='bbox 1117 2540 1245 2601; x_wconf 82' lang='lat' dir='ltr'><strong>sive</strong></span> <span class='ocrx_word' id='word_1_227' title='bbox 1286 2539 1501 2622; x_wconf 87' lang='lat' dir='ltr'><strong>plures</strong></span> <span class='ocrx_word' id='word_1_228' title='bbox 1544 2537 1915 2600; x_wconf 82' lang='lat' dir='ltr'><strong>emendandi</strong></span> <span class='ocrx_word' id='word_1_229' title='bbox 1952 2539 2223 2599; x_wconf 77' lang='lat' dir='ltr'><strong>rationes</strong></span> 
     </span>
     <span class='ocr_line' id='line_1_28' title="bbox 304 2621 2219 2707; baseline 0.002 -28"><span class='ocrx_word' id='word_1_230' title='bbox 304 2621 561 2699; x_wconf 86' lang='lat' dir='ltr'><strong>probari</strong></span> <span class='ocrx_word' id='word_1_231' title='bbox 612 2641 799 2703; x_wconf 88' lang='lat' dir='ltr'><strong>posse</strong></span> <span class='ocrx_word' id='word_1_232' title='bbox 851 2623 1252 2703; x_wconf 81' lang='lat' dir='ltr'><strong>videbantur,</strong></span> <span class='ocrx_word' id='word_1_233' title='bbox 1309 2626 1440 2686; x_wconf 86' lang='lat' dir='ltr'><strong>sive</strong></span> <span class='ocrx_word' id='word_1_234' title='bbox 1493 2622 1665 2685; x_wconf 89' lang='lat' dir='ltr'><strong>nulla</strong></span> <span class='ocrx_word' id='word_1_235' title='bbox 1716 2625 1867 2707; x_wconf 81' lang='lat' dir='ltr'><strong>satis</strong></span> <span class='ocrx_word' id='word_1_236' title='bbox 1919 2621 2219 2706; x_wconf 74' lang='lat' dir='ltr'><strong>placebat,</strong></span> 
     </span>
     <span class='ocr_line' id='line_1_29' title="bbox 307 2704 2220 2790; baseline 0.002 -25"><span class='ocrx_word' id='word_1_237' title='bbox 307 2704 437 2765; x_wconf 80' lang='lat' dir='ltr'><strong>sive</strong></span> <span class='ocrx_word' id='word_1_238' title='bbox 489 2705 626 2784; x_wconf 88' lang='lat' dir='ltr'><strong>ipsa</strong></span> <span class='ocrx_word' id='word_1_239' title='bbox 665 2707 945 2768; x_wconf 89' lang='lat' dir='ltr'><strong>codicum</strong></span> <span class='ocrx_word' id='word_1_240' title='bbox 987 2710 1294 2789; x_wconf 84' lang='lat' dir='ltr'><strong>scriptura</strong></span> <span class='ocrx_word' id='word_1_241' title='bbox 1338 2710 1542 2790; x_wconf 88' lang='lat' dir='ltr'><strong>aliquo</strong></span> <span class='ocrx_word' id='word_1_242' title='bbox 1585 2709 1768 2770; x_wconf 92' lang='lat' dir='ltr'><strong>modo</strong></span> <span class='ocrx_word' id='word_1_243' title='bbox 1816 2707 2073 2770; x_wconf 84' lang='lat' dir='ltr'><strong>defendi</strong></span> <span class='ocrx_word' id='word_1_244' title='bbox 2112 2727 2220 2789; x_wconf 87' lang='lat' dir='ltr'><strong>po·</strong></span> 
     </span>
     <span class='ocr_line' id='line_1_30' title="bbox 304 2790 2223 2872; baseline 0.001 -25"><span class='ocrx_word' id='word_1_245' title='bbox 304 2792 504 2866; x_wconf 89' lang='lat' dir='ltr'><strong>terat,</strong></span> <span class='ocrx_word' id='word_1_246' title='bbox 555 2790 645 2849; x_wconf 87' lang='lat' dir='ltr'><strong>ita</strong></span> <span class='ocrx_word' id='word_1_247' title='bbox 699 2795 770 2849; x_wconf 90' lang='lat' dir='ltr'><strong>ut</strong></span> <span class='ocrx_word' id='word_1_248' title='bbox 810 2790 878 2850; x_wconf 87' lang='lat' dir='ltr'><strong>in</strong></span> <span class='ocrx_word' id='word_1_249' title='bbox 921 2794 1168 2872; x_wconf 89' lang='lat' dir='ltr'><strong>optimis</strong></span> <span class='ocrx_word' id='word_1_250' title='bbox 1214 2790 1533 2853; x_wconf 84' lang='lat' dir='ltr'><strong>codicibus</strong></span> <span class='ocrx_word' id='word_1_251' title='bbox 1576 2794 1809 2872; x_wconf 87' lang='lat' dir='ltr'><strong>scripta</strong></span> <span class='ocrx_word' id='word_1_252' title='bbox 1848 2800 1993 2851; x_wconf 86' lang='lat' dir='ltr'><strong>sunt</strong></span> <span class='ocrx_word' id='word_1_253' title='bbox 2032 2790 2223 2850; x_wconf 89' lang='lat' dir='ltr'><strong>relin-</strong></span> 
     </span>
     <span class='ocr_line' id='line_1_31' title="bbox 308 2872 1889 2951; baseline 0.004 -21"><span class='ocrx_word' id='word_1_254' title='bbox 308 2889 535 2951; x_wconf 82' lang='lat' dir='ltr'><strong>quere,</strong></span> <span class='ocrx_word' id='word_1_255' title='bbox 579 2891 760 2951; x_wconf 89' lang='lat' dir='ltr'><strong>quam</strong></span> <span class='ocrx_word' id='word_1_256' title='bbox 802 2877 1220 2937; x_wconf 86' lang='lat' dir='ltr'><strong>coniecturam</strong></span> <span class='ocrx_word' id='word_1_257' title='bbox 1262 2875 1643 2935; x_wconf 87' lang='lat' dir='ltr'><strong>substituere</strong></span> <span class='ocrx_word' id='word_1_258' title='bbox 1684 2872 1889 2936; x_wconf 85' lang='lat' dir='ltr'><strong>malui.</strong></span> 
     </span>
    </p>
   </div>
  </div>
 </body>
</html>
