2592 3867
411 146 496 215 56
857 90 862 99 '
1014 138 1743 204 PROPERTII

665 313 751 375 Et
769 312 933 371 bene
959 307 1303 369 concordes
1325 308 1532 367 tristia
1556 304 1636 366 ad
1656 326 1823 367 arma
1842 315 2040 371 vocat.

583 397 831 475 Hospes
852 396 920 453 in
945 392 1276 471 hospitium
1296 388 1593 451 Menelao
1619 391 1789 449 venit
1812 390 2088 453 adulter:

671 477 924 540 Colchis
946 481 1016 544 et
1041 477 1320 554 ignotum
1342 492 1549 535 nonne
1570 479 1784 533 secuta
1804 478 2005 538 virum
2026 478 2171 539 est?

461 603 466 608 -
582 564 858 643 Lyncea,
879 568 1037 621 tune.
1051 577 1250 619 meam
1269 558 1531 638 potuisti
1550 562 1809 637 tangere
1835 562 2088 622 curam?

480 657 549 711 10
670 643 944 722 Per-fide,
967 660 1172 703 nonne
1193 649 1337 703 tuae
1359 648 1492 701 tum
1514 641 1804 702 cecidere
1826 662 2039 705 manus
2054 644 2087 703 ‘3

586 729 751 807 Quid
778 730 976 803 sinon
1001 732 1287 806 constans
1314 723 1427 785 illa
1454 731 1521 784 et
1539 731 1665 785 tam
1686 732 1861 787 certa
1879 728 2148 789 fnisset?

663 814 890 874 Posses
913 813 982 874 in
1001 816 1174 871 tanto
1197 810 1404 869 vivere
1426 809 1660 887 flagitio
1676 810 1709 868 *ἒ

585 898 686 957 Tu
707 897 860 957 mihi
879 892 980 954 vel
999 894 1172 955 ferro
1193 898 1413 973 pectus
1437 890 1541 957 vel
1559 891 1758 973 perde
1780 910 2049 956 veneno:

665 981 721 1041 A
744 979 991 1040 domina
1011 983 1248 1038 tantum
1268 982 1335 1037 te
1358 974 1539 1035 modo
1562 974 1719 1036 tolle
1741 994 1897 1038 mea.

477 1075 544 1128 15
588 1065 684 1125 Te
709 1064 942 1137 socium
962 1063 1147 1139 vitae,
1168 1068 1234 1122 te
1259 1061 1539 1140 corporis
1562 1078 1702 1120 esse
1722 1060 1961 1138 licebit,

667 1146 764 1207 Te
789 1145 1102 1217 dominum
1123 1144 1379 1205 admitto
1401 1146 1611 1222 rebus,
1636 1144 1851 1222 amice,
1874 1145 2057 1205 meis:

582 1232 777 1291 Lecto
799 1236 866 1289 te
889 1228 1108 1305 solum,
1129 1226 1297 1287 lecto
1322 1233 1387 1287 te
1412 1226 1722 1307 deprecor
1742 1247 1897 1288 uno:

660 1312 940 1375 Rivalem
963 1330 1213 1391 possum
1232 1330 1359 1371 non
1382 1330 1496 1389 ego
1518 1311 1693 1371 ferre
1711 1310 1934 1373 Iovem.

580 1398 721 1477 Ipse
742 1415 910 1457 meas
934 1393 1121 1473 solus,
1135 1393 1316 1473 'quod
1336 1394 1426 1455 nil
1452 1400 1569 1473 est,
1596 1392 1872 1455 aemulor
1894 1396 2160 1473 umbras,

473 1492 546 1545 20
671 1478 934 1558 Stultus,
959 1478 1121 1559 quod
1145 1478 1336 1539 stulto
1360 1498 1545 1559 saepe
1568 1480 1791 1539 timore
1813 1482 2032 1539 tremo.

581 1564 720 1628 Una
741 1570 948 1627 tamen
972 1582 1150 1631 causa
1173 1569 1292 1641 est,
1316 1582 1436 1642 qua
1455 1564 1709 1623 crimina
1733 1566 1903 1621 tanta
1922 1562 2201 1640 remitto,

663 1648 975 1708 Errabant
997 1646 1190 1709 multo
1217 1646 1384 1726 quod
1403 1653 1509 1707 tua
1531 1648 1719 1706 verba
1737 1664 1931 1706 mero.

583 1729 712 1792 Sed
733 1751 1062 1812 numquam
1081 1732 1244 1793 vitae
1265 1728 1449 1807 fallet
1472 1748 1571 1790 me
1594 1749 1745 1809 ruga
1768 1746 2051 1791 severaez
2093 1723 2098 1728 ’

662 1816 894 1880 Omnes
920 1817 1041 1876 iam
1061 1821 1314 1892 norunt,
1342 1814 1626 1894 quamsit
1647 1832 1851 1873 amare
1872 1815 2114 1874 bonum.

471 1908 539 1961 25
580 1900 867 1980 Lynceus
888 1902 1025 1981 ipse
1047 1918 1220 1959 meus
1243 1918 1419 1959 seros
1439 1898 1670 1969 insanit
1694 1916 1953 1959 amores.

661 1983 876 2044 Solum
895 1990 961 2042 te
982 1988 1230 2042 nostros
1251 1980 1453 2041 laetor
1476 1980 1651 2039 adire
1676 1980 1845 2039 deos.

580 2066 746 2142 Quid
765 2072 873 2123 tua
895 2064 1228 2123 Socraticis
1249 2063 1368 2122 tibi
1388 2079 1551 2119 nunc
1574 2062 1876 2139 sapientia
1896 2058 2075 2119 libris

657 2145 952 2209 Proderit
974 2150 1079 2204 aut
1099 2163 1311 2205 rerum
1332 2143 1543 2204 dicere
1566 2160 1750 2221 posse
1772 2142 1943 2203 vias?

575 2234 705 2291 Ant
725 2229 874 2309 quid
893 2228 1236 2291 Erechthei
1256 2228 1375 2287 tibi
1396 2232 1659 2307 prosunt
1680 2227 1949 2289 carmina
1968 2225 2131 2287 lecta
2145 2228 2179 2287 ’ἒ

469 2323 540 2376 30
658 2312 765 2372 Nil
786 2314 952 2384 iuvat
971 2312 1037 2370 in
1055 2308 1273 2389 magno
1296 2317 1507 2371 vester
1530 2328 1739 2370 amore
1762 2311 1970 2372 senex.

577 2396 676 2455 Tu
696 2396 889 2456 Latiis
909 2395 1237 2475 Meropem
1258 2394 1458 2461 Musis
1480 2396 1727 2456 imitere
1748 2392 2059 2463 Philetam

656 2481 742 2540 Et
761 2498 889 2541 non
906 2479 1107 2539 inflati
1128 2479 1363 2545 somnia
1386 2476 1769 2541 Callimachi.

574 2564 632 2623 N
633 2585 727 2624 am
752 2582 965 2624 cursus
985 2562 1138 2629 licet
1155 2560 1372 2623 Aetoli
1392 2564 1633 2623 referas
1654 2559 1942 2641 Acheloi,

655 2646 941 2712 Fluxerit
967 2652 1036 2707 ut
1056 2666 1273 2727 magno
1295 2646 1531 2707 fractus
1558 2666 1765 2707 amore
1786 2646 2015 2725 liquor,

467 2740 536 2793 35
575 2732 785 2811 Atque
811 2732 998 2793 etiam
1019 2738 1088 2792 ut
1107 2732 1381 2810 Phrygio
1404 2728 1595 2791 fallax
1616 2730 1981 2791 Maeandria
2002 2746 2214 2809 campo

655 2816 846 2876 Errat
867 2820 934 2875 et
955 2816 1092 2895 ipsa
1117 2833 1254 2875 suas
1277 2813 1516 2895 decipit
1532 2814 1699 2875 unda
1718 2816 1867 2893 vias,

574 2898 784 2974 Qualis
808 2904 876 2958 et
894 2898 1150 2959 Adrasti
1169 2898 1365 2959 suerit
1384 2896 1613 2959 vocalis
1636 2900 1851 2973 Arion,

658 2981 890 3041 Tristis
913 2982 990 3041 ad
1011 2983 1382 3043 Archemori
1402 2982 1626 3041 funera
1643 2982 1842 3041 victor
1865 2995 2090 3055 equus:

569 3062 629 3125 N
630 3082 711 3123 on
731 3083 950 3141 magna
969 3067 1419 3146 Amphiaraeae
1440 3067 1559 3127 tibi
1580 3065 1709 3125 fata
1736 3060 2069 3141 quadrigae

464 3155 538 3210 40
658 3146 914 3207 Prosint
935 3154 1040 3207 ant
1059 3150 1335 3228 Capanei
1358 3156 1531 3227 grata
1550 3150 1727 3208 ruina
1745 3146 1895 3205 Iovi.

571 3230 807 3291 Desine
829 3236 895 3289 et
914 3229 1268 3309 Aeschyleo
1300 3249 1670 3311 componere
1692 3232 1883 3289 verba
1904 3229 2237 3309 cothurno,

652 3313 886 3373 Desine
910 3320 977 3373 et
999 3312 1076 3373 ad
1097 3312 1323 3373 molles
1344 3317 1617 3376 membra
1636 3312 1882 3374 resolve
1906 3315 2147 3379 choros.

569 3396 782 3476 Incipe
803 3397 925 3457 iarn
947 3403 1204 3477 angusto
1227 3416 1441 3458 versus
1466 3396 1788 3458 includere
1811 3404 2016 3477 torno,
