2592 3867
798 170 1573 258 LIBER1v‚5‚6.
2062 178 2146 244 65

477 348 654 409 Nunc
676 348 796 407 tibi
813 366 930 427 pro
953 345 1188 408 tumulo
1213 346 1613 425 Carpathium
1634 366 1813 407 omne
1834 366 2004 409 mare
2027 355 2142 412 est.

398 431 624 495 Infelix
644 428 897 510 Aquilo,
919 436 1134 509 raptae
1157 430 1344 489 timor
1367 428 1710 507 Orithyiae,

484 516 656 592 Quae
680 510 876 594 spolia
897 532 974 573 ex
993 511 1102 572 illo
1125 518 1296 573 tanta
1316 512 1499 571 fuere
1520 514 1635 572 tibi
1649 514 1681 571 ’ἒ

294 608 363 661 15
403 601 534 661 Aut
555 597 844 679 quidnam
863 597 1062 656 fracta
1083 594 1335 674 gaudes,
1356 595 1667 676 Neptune,
1690 598 1945 659 carina?

483 683 782 743 Portabat
801 686 1048 741 sanctos
1070 678 1276 739 alveus
1296 677 1413 739 ille
1434 680 1619 743 viros.

398 767 611 843 Paete,
635 763 786 844 quid
807 769 1073 824 aetatem
1092 782 1381 824 numeras
1394 763 1426 823 ’ἒ
1470 762 1621 843 quid
1642 784 1784 825 cara
1802 767 2041 827 natanti

476 849 686 910 Mater
705 850 774 908 in
795 866 906 908 ore
928 848 1047 908 tibi
1068 852 1164 907 est
1177 848 1209 907 ’.ἱ
1251 867 1379 908 non
1396 848 1589 908 habet
1608 845 1774 909 unda
1794 848 1964 911 deos.

278 932 296 937 “
327 936 332 942 “
355 928 360 932 ’
393 933 548 994 Nam
566 933 686 992 tibi
705 932 1028 1000 nocturnis
1051 928 1130 989 ad
1147 950 1289 991 saxa
1308 930 1497 1008 ligata
1521 931 1815 1010 procelli·

284 1027 357 1081 20
478 1016 699 1076 Omnia
721 1012 954 1075 detrito
974 1010 1220 1075 vincula
1239 1014 1391 1073 fune
1415 1013 1659 1075 cadunt.

401 1099 558 1161 Sunt
573 1098 1086 1178 Agamemnonias
1103 1098 1399 1157 testantia
1416 1094 1606 1158 litora
1624 1116 1826 1176 curas,

481 1183 652 1259 Quae
673 1186 849 1242 notat
869 1181 1151 1260 Argynni
1169 1199 1375 1261 poena
1393 1182 1919 1243 Athamantiadae.

397 1267 534 1327 Hoc
559 1268 782 1327 iuvene
805 1266 1026 1325 amisso
1051 1263 1309 1325 classem
1332 1284 1458 1325 non
1480 1264 1663 1326 solvit
1682 1265 1959 1345 Atrides,

476 1351 600 1411 Pro
626 1370 746 1430 qua
765 1354 1027 1409 mactata
1049 1354 1146 1409 est
1164 1348 1485 1429 Iphigenia
1504 1368 1694 1411 mora.
1748 1384 1771 1407 .

281 1443 352 1496 25
393 1432 661 1495 Reddite
687 1452 910 1514 corpus
936 1433 1143 1511 humo,
1180 1434 1507 1512 positaque
1529 1435 1595 1493 in
1618 1436 1864 1513 gurgite
1883 1435 2010 1496 vita

474 1518 732 1579 Paetum
756 1521 976 1597 sponte
999 1524 1125 1594 tua,
1145 1515 1288 1577 vilis
1309 1517 1563 1596 harena,
1583 1523 1779 1597 tegas,

391 1602 476 1663 Et
498 1602 785 1681 quotiens
805 1600 986 1660 Paeti
1006 1600 1298 1659 tran-ibit
1318 1606 1503 1660 nauta
1522 1600 1893 1682 sepulcrum,

475 1686 656 1744 Dicat
677 1688 768 1743 ‘et
793 1680 1006 1742 audaci
1027 1688 1096 1742 tu
1117 1684 1305 1743 timor
1327 1701 1467 1742 esse
1487 1687 1713 1761 potes?

394 1769 509 1845 Ite,
531 1773 702 1827 rates
725 1784 940 1827 curvas
964 1770 1033 1825 et
1047 1763 1165 1825 leti
1187 1766 1383 1825 texite
1406 1784 1647 1825 causas:

276 1860 349 1915 30
470 1851 595 1912 Ista
613 1869 729 1930 per
752 1851 1044 1910 humanas
1065 1868 1232 1912 mors
1255 1850 1427 1909 venit
1448 1854 1583 1908 acta
1603 1867 1834 1911 manus.

396 1935 600 1995 Terra
608 1947 834 2014 'parum
856 1935 1063 1994 fuerat
1083 1933 1249 2011 fatis,
1275 1930 1608 1993 adiecimus
1632 1930 1857 1993 undas:

472 2019 790 2079 Fortunae
813 2019 1070 2078 miseras
1093 2019 1365 2077 auximus
1388 2014 1523 2077 ar&
1542 2018 1689 2077 vias.

394 2104 638 2162 Ancora
663 2108 730 2162 te
753 2107 984 2179 teneat,
1022 2120 1206 2181 quem
1224 2119 1352 2161 non
1372 2107 1636 2169 tenuere
1655 2101 1923 2162 Penates
1938 2102 1970 2160 ’.ἱ

477 2185 639 2262 Quid
661 2187 950 2246 meritum
973 2184 1162 2263 dicas,
1187 2186 1286 2245 cui
1309 2204 1419 2245 sua
1436 2192 1609 2246 terra
1630 2204 1848 2266 parum
1868 2186 2011 2247 eat?

279 2278 348 2332 35
393 2270 738 2331 Ventorum
761 2276 878 2349 est,
904 2268 1333 2349 quodcumque
1352 2289 1563 2349 paras:
1592 2268 1758 2330 haud
1777 2266 1907 2331 ulla
1928 2270 2136 2333 carina

476 2353 835 2431 consenuit,
856 2352 1019 2414 fallit
1038 2358 1256 2434 portus
1279 2355 1499 2434 etipse
1520 2352 1727 2415 fidem.

392 2436 622 2497 Natura
646 2436 945 2496 insidians
966 2444 1222 2516 pontum
1245 2438 1579 2497 substravit
1601 2439 1795 2497 avaris
1811 2448 1845 2495 ε’

475 2520 563 2580 Ut
583 2520 698 2578 tibi
721 2518 1032 2595 succedat,
1053 2520 1151 2577 vix
1171 2518 1369 2578 semel
1390 2536 1528 2579 esse
1550 2518 1775 2597 potest.

394 2602 550 2663 Saxa
569 2598 975 2680 triumphales
995 2600 1246 2678 fregere
1271 2600 1591 2679 capharea
1610 2620 1873 2681 puppes,

284 2694 354 2748 40
475 2686 533 2745 N
535 2685 782 2763 aufraga
805 2702 941 2743 cum
963 2690 1136 2744 vasto
1160 2683 1422 2743 Graecia
1443 2689 1643 2743 tracta
1666 2684 1793 2744 salo
1818 2690 1931 2745 est.

319 2797 339 2811 ν
392 2765 726 2829 Paullatim
747 2768 980 2827 socium
1001 2768 1296 2827 iacturam
1318 2768 1490 2827 flevit
1510 2766 1745 2845 Ulixes,

477 2852 546 2911 In
569 2870 736 2913 mare
761 2851 859 2911 cui
882 2849 1050 2911 soliti
1071 2870 1195 2911 non
1217 2851 1467 2913 valuere
1492 2849 1637 2912 doli.

395 2935 574 3012 Quod
597 2936 649 2995 ai
671 2941 1000 2995 contentus
1020 2936 1223 3016 patrio
1251 2937 1407 2996 bove
1426 2940 1709 2995 verteret
1730 2952 1930 3015 agros,

471 3019 804 3099 Verbaque
829 3019 1102 3079 duxisset
1121 3018 1364 3100 pondus
1383 3020 1617 3079 habere
1638 3038 1794 3097 mea,

285 3110 354 3164 45
398 3102 656 3165 Viveret
679 3109 821 3163 ante
845 3122 986 3162 suos
1011 3102 1208 3163 dulcis
1229 3103 1481 3162 conviva
1498 3103 1786 3182 Penates,

474 3185 739 3266 Pauper,
763 3192 827 3246 at
844 3187 909 3245 in
931 3192 1122 3263 terra,
1144 3184 1233 3245 nil
1256 3186 1362 3246 ubi
1384 3186 1537 3247 flare
1558 3194 1784 3268 potest.

390 3269 449 3328 N
451 3287 529 3328 on
552 3268 698 3328 tulit
718 3270 820 3329 hic
841 3269 1066 3330 Paetus
1091 3267 1421 3330 stridorem
1444 3271 1659 3331 audire
1678 3266 1995 3352 procellae

237 3380 246 3387 ·
343 3376 352 3382 ·
469 3352 554 3413 Et
574 3350 729 3411 duro
752 3358 1003 3413 teneras
1021 3351 1276 3414 laedere
1301 3354 1448 3414 fune
1468 3374 1701 3433 manus,
1928 3384 1935 3390 ·

393 3433 519 3495 Sed
544 3434 700 3496 chio
724 3434 990 3496 thalamo
1016 3442 1120 3497 aut
1145 3437 1361 3501 Oricia
1373 3439 1733 3498 terebintho

305 3518 717 3579 Paornarms.
1687 3527 1719 3577 5
