2592 3867
425 184 508 249 62
1023 175 1752 240 PROPERTII

598 350 730 425 Qua
757 346 998 408 videam
1021 343 1238 426 spoliis
1262 350 1551 405 oneratos
1574 344 1863 405 Caesaris
1884 366 2051 426 axes,

676 430 777 491 Ad
795 430 962 508 vulgi
981 429 1230 510 plausus
1259 447 1445 509 saepe
1468 428 1771 488 resistere
1794 446 2011 510 equos,

485 525 554 576 15
599 515 791 594 Inque
813 515 950 573 sinu
972 532 1152 572 carae
1174 514 1351 571 nixus
1374 517 1659 591 spectare
1680 512 1927 591 puellae

674 598 969 678 Incipiam
989 602 1056 656 et
1074 594 1275 655 titulis
1302 593 1527 675 oppida
1550 603 1729 673 capta
1749 593 1972 675 legam,

595 679 757 741 Tela
775 680 1010 757 fugacis
1032 680 1178 757 equi
1203 684 1270 739 et
1289 678 1564 737 braccati
1582 675 1803 739 militis
1826 699 2007 749 arcus

669 765 753 825 Et
775 765 993 823 subter
1011 768 1223 842 captos
1247 782 1414 821 arma
1434 760 1659 821 sedere
1684 761 1889 823 duces.

589 847 726 928 Ipsa
745 852 911 906 tuam
932 864 1110 906 serva
1129 846 1391 926 prolem,
1414 846 1659 908 Venus:
1702 846 1824 907 hoc
1846 847 1933 905 sit
1948 849 2014 909 in
2036 866 2272 929 aevum,
2332 864 2345 875 ·

479 940 554 995 20
678 932 901 991 Cernis
924 931 999 989 ab
1020 931 1235 990 Aenea
1257 928 1425 1009 quod
1448 946 1779 1009 superesse
1802 938 2000 1009 caput.

589 1013 832 1075 Praeda
853 1015 936 1073 sit
955 1014 1110 1073 haec
1130 1012 1280 1092 illis,
1307 1032 1565 1093 quorum
1585 1030 1873 1073 meruere
1893 1011 2175 1075 labores:

671 1098 782 1159 Me
811 1103 907 1157 sat
927 1099 1051 1157 erit
1073 1096 1262 1158 Sacra
1279 1095 1578 1177 plaudere
1600 1114 1785 1176 posse
1806 1097 1943 1159 Via.

497 1231 554 1323 4
583 1228 772 1324 Pacis
792 1265 984 1323 Amor
1002 1262 1156 1323 <leus
1177 1267 1296 1340 est,
1318 1280 1535 1342 pacem
1554 1280 1920 1323 veneramur
1944 1262 2233 1325 amantes.
2275 1228 2329 1321 5

668 1347 850 1406 Stant
869 1347 1021 1407 mihi
1041 1364 1178 1406 cum
1201 1342 1447 1405 <lomina
1466 1344 1709 1425 proelia
1730 1345 1883 1407 dura
1903 1366 2071 1408 mea:

585 1430 643 1492 N
645 1448 718 1491 ec
738 1436 946 1489 tamen
965 1430 1161 1491 inviso
1183 1435 1403 1509 pectus
1425 1430 1577 1489 mihi
1602 1431 1873 1511 carpitur
1894 1449 2064 1510 auro,

664 1512 797 1574 Nec
819 1514 980 1573 bibit
1000 1532 1036 1573 c
1063 1518 1302 1592 gemma
1323 1511 1515 1573 divite
1538 1519 1751 1574 nostra
1772 1516 1927 1594 sitis,

511 1606 544 1661 5
583 1597 716 1659 Nec
737 1597 889 1658 mihi
907 1596 1082 1659 mille
1106 1599 1267 1677 iugis
1291 1598 1624 1678 Campania
1643 1600 1887 1679 pinguis
1911 1605 2137 1677 aratur,

663 1681 794 1742 Nec
813 1683 1003 1743 miser
1026 1702 1172 1743 aera
1190 1702 1343 1763 paro
1367 1678 1566 1759 clade,
1592 1682 1916 1761 Corinthe,
1937 1690 2059 1743 tua.

584 1767 637 1827 Ο
659 1768 858 1846 prima
877 1766 1098 1828 infelix
1120 1768 1383 1845 fingenti
1405 1773 1577 1826 terra
1594 1766 2003 1827 Prometheo!

661 1849 776 1911 ffle
798 1870 1015 1930 parum
1038 1854 1200 1923 cauti
1219 1852 1497 1930 pectoris
1520 1850 1649 1927 egit
1672 1870 1855 1930 opus:

582 1935 864 2014 Corpora
885 1934 1220 2015 disponens
1241 1940 1514 1994 mentem
1530 1952 1657 1991 non
1677 1933 1834 1993 vidit
1852 1937 1919 1995 in
1940 1940 2091 1993 arte.

470 2027 543 2083 10
661 2016 857 2076 Recta
879 2020 1061 2075 animi
1079 2018 1347 2094 primum
1369 2015 1585 2073 debuit
1606 2032 1745 2071 esse
1768 2018 1881 2075 via.

549 2132 555 2138 ·
579 2098 755 2159 Nunc
776 2100 962 2155 maris
983 2100 1048 2155 in
1069 2103 1308 2156 tantum
1329 2102 1513 2155 vento
1534 2096 1851 2172 iactamur,
1876 2103 1943 2154 et
1964 2098 2211 2159 hostem

661 2181 1043 2258 Quaerimus,
1067 2186 1252 2259 atque
1277 2180 1461 2239 armis
1480 2178 1783 2237 nectimus
1808 2198 1973 2239 arma
1992 2199 2167 2243 nova.

579 2261 762 2323 Haud
782 2260 940 2323 ullas
960 2264 1238 2342 portabis
1261 2281 1413 2343 opes
1435 2262 1809 2322 Acherontis
1832 2262 1911 2321 ad
1932 2262 2127 2328 undas
2140 2286 2159 2325 ε

658 2344 871 2404 Nudus
895 2345 972 2405 ad
991 2347 1289 2424 infernas,
1314 2344 1529 2422 stulte,
1548 2345 1781 2405 vehere
1808 2352 1993 2408 rates.

469 2437 534 2491 15
577 2428 797 2492 Victor
821 2448 958 2489 cum
975 2431 1154 2490 victis
1177 2431 1417 2510 pariter
1442 2430 1803 2489 miscebitur
1824 2432 2090 2491 umbris:

653 2511 931 2595 *Consule
955 2534 1092 2575 cum
1110 2514 1337 2593 Mario,
1352 2521 1547 2595 -eaptc
1568 2514 1881 2594 Iugurtha,
1912 2514 2113 2579 sedes.

576 2596 787 2677 Lydus
817 2596 1106 2659 Dulichio
1128 2618 1256 2658 non
1281 2598 1472 2659 distat
1492 2598 1763 2660 Croesus
1788 2602 1861 2659 ab
1884 2599 2016 2659 Ito:

659 2682 908 2763 Optima
928 2703 1116 2760 mors,
1138 2683 1373 2743 Parcae
1398 2702 1553 2763 quae
1577 2686 1747 2743 venit
1768 2691 1903 2743 acta
1926 2683 2053 2743 die.-

576 2766 686 2827 Me
710 2767 880 2826 iuvat
899 2769 965 2827 in
985 2768 1182 2847 prima
1205 2766 1469 2827 coluisse
1493 2766 1799 2828 Helicona
1818 2769 2064 2828 iuventa

467 2859 542 2913 20
663 2851 1106 2930 Musarumque
1134 2852 1342 2910 choris
1362 2850 1724 2931 inplicuisse
1751 2870 1993 2911 manus:

577 2934 688 2995 Me
710 2938 878 2995 iuvat
899 2942 964 2995 et
989 2933 1183 2995 multo
1207 2942 1481 2994 mentem
1502 2935 1737 2994 vincire
1757 2934 1965 3010 Lyaeo

657 3018 747 3077 Et
763 3027 946 3098 caput
965 3022 1032 3078 in
1052 3039 1242 3080 verna
1264 3036 1512 3098 semper
1532 3018 1765 3077 habere
1786 3034 1946 3075 rosa.

572 3101 780 3178 Atque
802 3103 909 3160 ubi
929 3103 1050 3161 iam
1071 3104 1385 3165 Venerem
1409 3103 1605 3180 gravis
1626 3099 2037 3179 interceperit
2060 3104 2252 3177 aetas,

659 3183 976 3263 Sparserit
997 3192 1064 3245 et
1081 3188 1289 3263 nigras
1314 3187 1451 3247 alba
1472 3191 1724 3245 senecta
1747 3203 1970 3263 comas,

467 3274 535 3327 25
582 3266 742 3327 Tum
763 3269 914 3327 mihi
935 3275 1190 3327 naturae
1211 3268 1408 3329 libeat
1427 3268 1790 3350 perdiscere
1812 3287 2038 3345 mores,

658 3351 808 3427 Quis
834 3351 985 3413 deus
1005 3353 1164 3412 hanc
1187 3353 1398 3414 mundi
1419 3358 1731 3435 temperet
1753 3360 1887 3413 arte
1912 3353 2175 3428 domum,

577 3433 710 3509 Qua
729 3438 901 3513 venit
923 3438 1227 3515 exoriens,
1253 3458 1373 3515 qua
1395 3438 1628 3517 deficit,
1650 3437 1815 3497 unde
1840 3437 2067 3497 coactis
