2592 3867
429 170 518 234 m
1031 168 1764 249 PRoPsRT11

683 338 858 399 Haec
877 337 998 397 tibi
1019 353 1101 396 ne
1123 342 1387 397 matrem
1404 338 1576 398 forte
1600 337 1851 399 dedisse
1872 346 2076 420 putes.

595 423 655 484 N
656 442 735 482 on
758 439 884 481 non
910 421 1162 481 humani
1183 426 1399 501 partus
1424 428 1569 482 sunt
1590 422 1741 483 talia
1766 422 1961 484 dona:

676 506 804 565 Ista
826 502 1046 565 decem
1068 522 1315 565 menses
1336 524 1463 564 non
1488 523 1800 586 peperere
1822 509 2003 569 bona.

598 587 820 651 Gloria
839 588 1130 649 Romanis
1152 606 1274 647 una
1297 604 1367 647 es
1389 594 1457 646 tu
1477 594 1623 647 nata
1642 588 1907 668 puellis:

484 682 557 736 30
679 673 954 734 Romana
975 670 1298 731 accumbes
1318 671 1519 750 prima
1537 670 1754 751 puella
1772 674 1919 733 Iovi.
2006 668 2010 672 ’

596 758 728 817 Nec
753 773 1002 834 semper
1024 754 1349 814 nobiscum
1368 754 1632 815 humana
1654 754 1884 817 cubilia
1905 759 2101 818 vises:

673 840 828 899 Post
847 838 1154 899 Helenam
1174 838 1332 898 haec
1352 840 1543 899 terris
1565 839 1767 901 forma
1788 841 2059 902 secunda
2074 843 2267 907 redit.

592 923 727 983 Hac
751 941 866 1002 ego
893 940 1058 983 nunc
1079 923 1274 981 mirer
1297 923 1352 982 si
1370 924 1595 1002 flagrat
1614 930 1829 987 nostra
1850 924 2135 987 iuventus
2149 927 2182 986 ‘3

671 1006 1004 1067 Pulchrius
1025 1007 1142 1066 hac
1164 1007 1393 1087 fuerat,
1416 1006 1631 1086 Troia,
1654 1010 1867 1089 perire
1886 1010 2023 1071 tibi.

484 1099 552 1154 35
599 1090 766 1153 Olim
787 1093 1077 1169 mirabar,
1101 1090 1270 1170 quod
1289 1092 1449 1151 tanti
1472 1092 1551 1153 ad
1569 1092 1873 1172 Pergama
1892 1092 2049 1155 belli

671 1176 963 1255 Europae
987 1181 1172 1253 atque
1195 1175 1384 1235 Asiae
1406 1194 1587 1235 causa
1606 1176 1815 1255 puella
1834 1178 1989 1238 fuit:

589 1260 788 1335 Nune,
812 1259 979 1335 Pari,
999 1263 1071 1315 tu
1092 1259 1340 1336 sapiens
1364 1265 1431 1316 et
1454 1264 1540 1336 tu,
1562 1260 1877 1339 Menelae,
1899 1262 2095 1339 fuisti,
2164 1326 2167 1331 ,

674 1342 774 1401 Tu
798 1342 940 1420 quia
959 1342 1282 1419 poscebas,
1305 1346 1377 1400 tu
1399 1343 1542 1419 quia
1561 1340 1769 1403 lentus
1794 1362 1951 1404 eras.

588 1426 788 1503 Digna
811 1421 1062 1503 quidem
1082 1422 1296 1501 facies,
1320 1443 1435 1503 pro
1462 1444 1581 1505 qua
1600 1426 1702 1485 vel
1724 1427 1931 1486 obiret
1951 1428 2261 1488 Achilles:

479 1517 552 1572 40
675 1507 796 1571 Vel
821 1508 1068 1567 Priamo
1088 1506 1245 1567 belli
1269 1526 1450 1567 eausa
1470 1508 1791 1588 probanda
1810 1510 1948 1571 fuit.

590 1592 658 1652 Si
683 1594 820 1672 quis
841 1589 976 1652 vult
993 1592 1156 1651 fama
1177 1590 1415 1653 tabulas
1440 1594 1681 1653 anteire
1702 1600 1996 1673 vetustas,

667 1678 791 1738 Hic
817 1675 1126 1737 dominam
1149 1672 1434 1756 exemplo
1457 1684 1649 1757 ponat
1668 1680 1736 1739 in
1760 1685 1895 1739 arte
1918 1696 2131 1740 meam.

591 1762 734 1823 Sive
754 1760 931 1822 illam
950 1762 1303 1843 Hesperiis,
1328 1762 1459 1821 sive
1478 1760 1651 1823 illam
1672 1762 1965 1824 ostendet
1984 1763 2153 1839 Eois,

670 1847 834 1909 Uret
855 1853 922 1907 et
940 1847 1129 1926 Eoos,
1151 1854 1296 1906 uret
1317 1851 1385 1905 et
1407 1846 1773 1926 Hesperios.

498 1978 556 2067 4
587 1978 708 2071 His
731 2010 954 2071 saltem
974 2018 1044 2071 ut
1063 2018 1284 2069 tenear
1306 2014 1427 2069 iam
1437 2012 1695 2071 finibus!
1723 2011 1829 2071 hei
1841 2014 1993 2071 mihi
2017 2014 2071 2072 si
2086 2012 2243 2093 quis,
2264 2018 2338 2075 45

669 2095 892 2152 Acrius
913 2097 984 2152 ut
1003 2094 1254 2171 moriar,
1275 2095 1523 2153 venerit
1545 2092 1707 2153 alter
1731 2096 1930 2154 amor!

583 2178 676 2235 Ac
697 2174 892 2235 veluti
912 2177 1114 2255 primo
1134 2181 1349 2235 taurus
1374 2175 1686 2236 detrectat
1708 2184 1933 2256 aratra,

664 2258 818 2319 Post
837 2259 1012 2319 venit
1032 2262 1275 2319 assueto
1301 2256 1509 2318 mollis
1536 2259 1614 2320 ad
1636 2281 1778 2321 arva
1798 2262 1965 2339 iugo,

508 2350 541 2401 5
586 2342 691 2402 Sic
714 2343 913 2421 primo
935 2343 1191 2401 iuvenes
1213 2341 1535 2422 trepidant
1555 2345 1621 2402 in
1646 2364 1853 2405 amore
1876 2346 2144 2423 feroces,

664 2425 907 2485 Dehine
931 2424 1148 2485 domiti
1167 2432 1312 2505 post
1325 2426 1481 2485 haec
1497 2446 1691 2506 aequa
1706 2434 1773 2487 et
1782 2429 2239 2507 iniquaferunt.
2263 2436 2335 2489 50

586 2508 824 2589 Turpia
844 2528 1180 2590 perpessus
1200 2517 1373 2570 vates
1398 2516 1495 2571 est
1514 2510 1718 2573 vinela
1738 2510 2111 2595 MelampuS,

604 2595 607 2599 ’
669 2595 970 2673 Cognitus
991 2592 1214 2675 Iphicli
1239 2596 1621 2675 subripuisse
1645 2598 1871 2673 boves3

585 2678 782 2755 Quem
807 2698 934 2738 non
952 2677 1146 2758 lucra,
1169 2681 1362 2757 magis
1384 2680 1548 2739 Pero
1571 2680 1855 2762 formosa(
1864 2684 2087 2761 coegit,

479 2772 547 2824 10
671 2764 823 2823 Mox
845 2764 1256 2841 Amythaonia
1275 2768 1469 2843 nupta
1490 2764 1699 2825 futura
1724 2764 1923 2827 domo.

583 2844 790 2907 Multa
808 2848 983 2927 prius
1008 2846 1290 2905 dominae
1317 2845 1546 2907 delicta
1570 2851 1853 2927 queraris
1877 2854 2147 2928 oportet,
2273 2830 2331 2919 4

669 2930 871 3009 Saepe
894 2950 1078 3009 roges
1103 2930 1357 3010 aliquid,
1381 2949 1568 3011 saepe
1588 2932 1876 3012 repulsus
1902 2950 2043 3010 eas,.

581 3012 667 3072 Et
689 3030 876 3091 saepe
905 3015 1230 3075 inmeritos
1254 3032 1610 3095 corrumpas
1634 3014 1924 3076 dentibus
1944 3033 2202 3094 ungues,

665 3094 750 3157 Et
771 3096 1079 3175 crepitum
1102 3097 1287 3159 dubio
1313 3102 1573 3159 suscitet
1592 3100 1689 3159 ira
1706 3098 1891 3179 pede.

479 3188 545 3241 15
585 3178 975 3258 Nequiquam
995 3182 1250 3260 perfusa
1271 3185 1426 3241 meis
1450 3188 1763 3261 unguenta
1786 3180 2049 3261 capillis,
2296 3189 2331 3243 5

673 3263 809 3323 Ibat
831 3268 898 3323 et
924 3282 1193 3344 expenso
1217 3263 1427 3343 planta
1448 3271 1684 3326 morata
1706 3263 1917 3342 gradu.

583 3346 723 3407 Non
745 3348 850 3406 hie
873 3348 1070 3407 herba
1091 3346 1278 3423 valet,
1300 3364 1427 3406 non
1447 3350 1551 3409 hic
1571 3354 1875 3407 nocturna
1898 3349 2171 3431 Cytaeis,

665 3430 804 3490 Non
827 3429 1236 3490 Perimedeae
1255 3433 1530 3507 gramina
1552 3436 1727 3491 cocta
1746 3450 1959 3493 manu
1977 3455 1995 3509 ;
