2592 3867
1025 223 1749 287 PROPERTII

659 396 761 456 Sic
787 396 954 455 sitin
978 394 1149 455 molli
1168 394 1289 453 fixa
1309 402 1451 455 toro
1474 395 1777 455 cubitum:

409 513 420 525 '—
461 488 530 543 35
575 478 884 543 ‘Tandem
905 485 970 538 te
994 485 1210 539 nostro
1235 476 1522 539 referens
1544 479 1771 539 iniuria
1789 476 1955 539 lecto

656 563 935 624 Alterius
957 560 1182 623 clausis
1205 559 1445 641 expulit
1465 581 1502 621 e
1523 562 1765 621 foribus
1778 562 1811 619 ’.ἒ

573 647 850 726 Namque
869 648 976 706 ubi
995 644 1180 723 longa
1201 662 1377 703 meae
1396 646 1775 724 consumpsti
1796 651 2079 725 tempora
2098 646 2319 725 noctis,
2428 695 2433 698 .

653 729 1008 807 Languidus
1031 729 1283 806 exactis,
1308 729 1415 788 hei
1436 729 1609 806 mihi,
1634 726 1943 787 sideribus
1956 728 1989 786 ’ἒ

573 814 626 873 0
649 813 882 873 utinam
903 810 1062 871 tales
1083 810 1414 892 perducas,
1436 812 1741 893 improbe,
1764 817 2004 889 noctes,

461 904 534 959 40
653 897 762 957 Me
785 897 1072 957 miseram
1093 893 1309 975 quales
1330 914 1577 977 semper
1596 896 1833 955 habere
1852 894 2061 956 iubesl

571 980 628 1039 N
630 1000 724 1039 am
747 979 929 1040 modo
951 998 1268 1063 purpureo
1291 978 1589 1041 fallebam
1610 980 1869 1040 stamine
1892 996 2190 1059 somnum,

649 1065 887 1125 Rursus
911 1072 978 1125 et
999 1065 1292 1144 Orpheae
1316 1066 1586 1124 carmine
1609 1064 1777 1124 fessa
1792 1062 2002 1143 lyrae.

571 1148 887 1209 Interdum
912 1147 1144 1209 leviter
1167 1166 1407 1208 mecum
1430 1147 1682 1207 deserta
1704 1148 2013 1225 querebar

649 1232 928 1291 Externo
950 1231 1168 1309 longas
1191 1248 1381 1308 saepe
1402 1232 1468 1289 in
1490 1248 1699 1289 amore
1720 1248 1944 1307 moras,

461 1322 529 1375 45
573 1316 731 1375 Dum
754 1332 852 1373 me
875 1314 1158 1373 iocundis
1179 1312 1415 1393 lapsam
1438 1332 1627 1393 sopor
1647 1312 1875 1391 inpulit
1894 1312 2029 1373 alis.

649 1396 766 1458 Illa
787 1398 908 1457 fuit
927 1397 1198 1457 lacrimis
1222 1397 1437 1457 ultima
1460 1416 1607 1457 cura
1627 1397 1823 1456 meis?

483 1530 538 1621 4
573 1528 746 1632 Quid
768 1566 918 1626 mihi
940 1572 1064 1625 tam
1085 1565 1307 1625 multas
1329 1564 1660 1641 laudando,
1683 1564 1895 1641 Basse,
1915 1561 2157 1644 puellas

649 1649 959 1709 Mutatum
982 1649 1246 1710 domina
1251 1652 1421 1728 cogis
1444 1650 1617 1709 abire
1641 1648 1821 1708 mea‘.²

570 1732 735 1809 Quid
757 1752 855 1793 me
879 1747 1002 1793 non
1024 1734 1261 1814 pateris
1282 1736 1447 1794 vitae
1470 1732 1900 1813 quodcumque
1924 1696 2220 1811 sequetur

650 1817 790 1877 Hoc
811 1820 1004 1897 magis
1027 1824 1272 1879 assueto
1298 1818 1530 1878 ducere
1554 1818 1846 1879 servitio.
1822 1818 1855 1859 ‘²

488 1910 520 1959 5
569 1900 670 1961 Tu
689 1899 845 1961 licet
866 1904 1174 1982 Antiopae
1196 1903 1459 1962 formam
1478 1899 1821 1979 Nycteidos
1848 1906 1914 1960 et
1933 1906 2003 1959 tu

653 1984 994 2062 Spartanae
1017 1986 1258 2043 referas
1279 1984 1565 2043 laudibus
1586 1984 1987 2059 Hermionae,

565 2068 650 2127 Et
669 2085 1084 2145 quascumque
1106 2066 1256 2126 tulit
1276 2067 1534 2127 formosi
1556 2068 1857 2145 temporis
1880 2071 2079 2125 aetas:

647 2149 916 2227 Cynthia
937 2168 1059 2209 non
1082 2148 1226 2209 illas
1247 2168 1474 2209 nomen
1496 2150 1733 2209 habere
1755 2150 1941 2227 sinet,

561 2232 823 2310 Nedum,
847 2236 898 2293 si
921 2233 1158 2293 levibus
1180 2234 1377 2293 fuerit
1398 2231 1623 2293 collata
1640 2232 1878 2311 figuris,

458 2326 527 2377 lo
646 2316 916 2375 Inferior
940 2316 1094 2376 duro
1118 2316 1326 2376 iudice
1353 2318 1555 2395 turpis
1578 2321 1696 2375 eat.

563 2400 736 2459 Haec
760 2398 872 2459 sed
894 2400 1094 2459 forma
1115 2402 1238 2460 mei
1259 2419 1407 2480 pars
1430 2406 1528 2459 est
1549 2405 1827 2459 extrema
1844 2400 2109 2459 furoris:

643 2483 801 2546 Sunt
821 2486 1071 2563 maiora,
1097 2485 1339 2564 quibus,
1359 2485 1571 2563 Basse,
1594 2485 1807 2565 perire
1827 2484 2013 2560 iuvat,

563 2568 868 2647 Ingenuus
891 2566 1064 2629 calor
1087 2577 1154 2628 et
1175 2570 1384 2631 multis
1410 2568 1599 2629 decus
1622 2570 1857 2629 artibus
1884 2573 1953 2627 et
1974 2585 2129 2647 quae

647 2652 886 2715 Gaudia
909 2655 1020 2715 sub
1045 2655 1234 2713 tacita
1257 2652 1490 2713 ducere
1512 2660 1686 2715 veste
1706 2652 1897 2713 libet:

457 2747 520 2797 15
568 2738 701 2812 Quo
726 2740 918 2817 magis
941 2744 1008 2797 et
1027 2743 1276 2797 nostros
1302 2737 1629 2798 contendis
1652 2736 1901 2797 solvere
1924 2754 2185 2813 amores,

639 2820 780 2881 Hoc
802 2823 995 2899 magis
1019 2826 1274 2899 accepta
1291 2818 1463 2879 fallit
1482 2827 1751 2899 uterque
1772 2819 1916 2879 fide.

560 2900 696 2961 Non
720 2906 951 2983 inpune
975 2905 1174 2964 feres:
1221 2903 1380 2961 sciet
1398 2904 1554 2961 haec
1574 2905 1789 2961 insana
1808 2899 2015 2980 puella

639 2986 725 3053 Et
745 2988 862 3046 tibi
883 3005 1008 3047 non
1029 2988 1238 3047 tacitis
1259 2986 1511 3045 vocibus
1535 2986 1735 3045 hostis
1758 2985 1911 3044 erit:

559 3066 692 3129 Nec
713 3069 832 3129 tibi
852 3088 951 3129 me
975 3076 1122 3148 post
1141 3073 1296 3130 haec
1320 3070 1665 3130 committet
1685 3068 1955 3147 Cynthia
1976 3086 2094 3128 nec
2115 3074 2181 3129 te

455 3162 526 3213 20
650 3153 954 3228 Quaeret.
1000 3155 1126 3212 erit
1141 3156 1301 3214 tanti
1324 3153 1597 3213 criminis
1616 3150 1727 3213 illa
1748 3170 1984 3213 memor

562 3236 647 3298 Et
667 3242 733 3296 te
757 3238 990 3296 circum
1012 3254 1225 3295 omnes
1249 3236 1403 3297 alias
1422 3240 1583 3297 irata
1601 3234 1839 3318 puellas

644 3320 946 3380 Differet·
989 3320 1115 3379 heu
1135 3308 1309 3380 nullo
1334 3318 1552 3382 limine
1574 3340 1751 3382 carus
1776 3321 1921 3383 eris.

559 3399 775 3463 Nullas
797 3403 906 3463 illa
929 3405 1054 3463 suis
1079 3411 1437 3464 contemnet
1455 3406 1707 3466 fletibus
1729 3424 1887 3483 aras,

640 3487 726 3546 Et
747 3488 1114 3566 quicumque
1137 3506 1334 3566 sacer,
1358 3488 1577 3567 qualis,
1598 3490 1851 3569 ubique,
1871 3488 2049 3569 lapis·
