2592 3867
645 185 690 247 L
732 185 760 246 1
800 186 847 246 B
887 184 938 246 E
980 186 1034 247 R
1114 184 1357 276 111‚·12‚
1402 194 1489 266 13,
1531 196 1619 267 14,
1662 198 1748 250 15.
2072 187 2153 253 41

414 352 575 414 Tum
595 372 695 413 me
715 351 821 413 vel
840 354 1116 433 tragicae
1135 353 1376 412 vexetis
1395 353 1663 432 Erinyes
1687 361 1753 415 et
1772 374 1871 416 me

303 444 376 499 30
496 436 752 497 Inferno
778 435 1051 513 damnes,
1074 437 1303 512 Aeaee,
1325 434 1579 515 iudicio,

413 520 622 598 Atque
641 522 813 579 inter
835 518 1011 597 Tityi
1032 516 1319 579 volucres
1342 538 1479 579 mea
1495 538 1699 599 poena
1718 529 1993 602 vagetur,

493 602 780 682 Tumque
803 621 920 681 ego
940 602 1234 703 Sisyphio
1255 622 1396 662 saxa
1416 600 1634 663 labore
1657 623 1883 681 geram.

408 685 542 748 Nec
565 694 634 746 tu
655 684 1039 767 supplicibus
1060 704 1160 745 me
1182 687 1268 745 sis
1287 692 1583 746 venerata
1601 686 1885 749 tabellis.

491 768 726 831 Ultima
746 768 892 830 talis
915 772 1059 847 erit,
1088 787 1244 848 quae
1265 786 1404 829 mea
1422 772 1623 850 prima
1642 770 1817 832 fides.

301 861 372 917 35
413 854 552 914 Hoc
572 855 726 914 mihi
745 858 1054 934 perpetuo
1076 854 1173 913 ius
1197 860 1317 931 est,
1342 854 1509 931 quod
1532 851 1703 915 solus
1726 863 1960 918 amator

490 936 622 997 Nec
647 938 771 997 cito
795 937 1030 997 desisto
1054 954 1173 996 nec
1196 942 1439 996 temere
1458 939 1712 1017 imipio.

263 1066 375 1161 14
406 1068 516 1162 Ah
540 1109 835 1183 quantum
859 1102 938 1163 de
960 1121 1060 1162 me
1080 1103 1310 1163 Panthi
1336 1103 1453 1162 tibi
1476 1104 1701 1182 pagina
1718 1105 1917 1185 finxit,
2042 1072 2149 1167 21

491 1187 761 1247 Tantum
782 1185 881 1246 illi
900 1187 1145 1247 Pantho
1167 1205 1248 1245 ne
1273 1188 1357 1245 sit
1378 1188 1570 1246 amica
1591 1186 1837 1249 Venus!

411 1268 540 1329 Sed
560 1272 718 1331 tibi·
697 1289 819 1330 lam
837 1269 1056 1331 videor
1076 1268 1337 1329 Dodona
1356 1272 1565 1329 verior
1589 1288 1818 1348 augur.
1794 1272 1827 1312 ‘²

489 1353 764 1414 Uxorem
783 1353 899 1415 ille
922 1360 1062 1414 tuus
1084 1352 1351 1435 pulcher
1374 1358 1607 1413 amator
1629 1354 1834 1414 habet.

331 1443 368 1496 5
411 1435 539 1498 'rot
558 1443 779 1499 noctes
801 1440 1088 1519 periere.
1133 1434 1294 1497 nihil
1314 1435 1549 1516 pudet.
1526 1436 1558 1477 ‘²
1602 1440 1830 1517 aspice,
1855 1444 2061 1499 cantat

482 1520 706 1581 Liber:
750 1528 821 1581 tu
846 1524 1101 1582 nimium
1125 1521 1381 1581 credula
1401 1519 1572 1581 sola
1552 1538 1737 1581 laces.

399 1602 488 1667 Et
506 1623 670 1664 nunc
691 1606 860 1665 inter
882 1625 992 1665 eos
1012 1611 1084 1664 tu
1105 1622 1310 1664 sermo
1335 1622 1424 1681 es,
1447 1610 1513 1662 te
1534 1601 1650 1663 ille
1674 1608 1979 1685 superbus

490 1688 660 1745 Dicit
683 1706 751 1745 se
771 1689 966 1747 invito
991 1704 1178 1765 saepe
1198 1687 1397 1745 fuisse
1419 1685 1601 1746 domi.

401 1768 789 1849 Dispeream,
814 1772 868 1829 si
892 1771 1217 1847 quicquam
1240 1767 1406 1829 aliud
1433 1787 1610 1846 quam
1634 1769 1831 1846 gloria
1853 1770 1933 1829 de
1952 1776 2019 1830 te

295 1861 368 1914 10
465 1853 855 1929 Quaeritur:
893 1853 1004 1912 has
1024 1851 1239 1912 laudes
1261 1850 1375 1911 ille
1402 1852 1658 1910 maritus
1679 1852 1887 1913 habet.

405 1934 710 1997 Colchida
731 1938 820 1996 sic
842 1938 1072 2015 hospes
1099 1934 1406 2014 quondam
1426 1934 1679 2014 decepit
1698 1935 1906 1995 Iason:

483 2020 704 2081 Eiecta
726 2025 854 2093 est3
897 2020 1101 2078 tenuit
1122 2038 1385 2098 namque
1408 2020 1645 2079 Creusa
1667 2017 1930 2082 domum.

403 2103 508 2164 Sic
530 2125 565 2163 a
588 2101 883 2164 Dulichio
906 2104 1131 2163 iuvene
1160 2110 1260 2163 est
1281 2101 1453 2163 elusa
1473 2100 1778 2182 Calypso:

485 2185 666 2249 Vidit
691 2192 1026 2247 amatorem
1047 2186 1328 2267 pandere
1349 2184 1489 2247 vela
1511 2206 1701 2247 suum.

293 2274 360 2329 15
403 2270 506 2330 Ah
525 2271 780 2330 nimium
801 2270 1020 2330 faciles
1045 2290 1255 2331 aurem
1274 2271 1583 2350 praebere
1605 2268 1874 2349 puellae,

483 2352 718 2415 Discite
743 2354 1032 2415 desertae
1053 2374 1179 2415 non
1200 2364 1443 2414 temere
1466 2372 1607 2414 esse
1629 2355 1847 2414 bonae.

399 2436 562 2498 Huic
588 2457 832 2517 quoque
858 2440 964 2517 qui
987 2444 1187 2499 restet
1206 2440 1329 2498 iam
1348 2436 1594 2515 pridem
1612 2438 1932 2515 quaeritur
1960 2436 2149 2499 alter:

477 2520 755 2599 Experta
773 2522 842 2579 in
861 2522 1086 2598 primo,
1109 2520 1321 2596 stulta,
1346 2538 1564 2579 cavere
1587 2526 1787 2598 potes.

396 2602 526 2663 Nos
551 2620 934 2680 quocumque
955 2600 1120 2679 loco,
1151 2620 1266 2660 nos
1290 2602 1456 2660 omni
1477 2606 1761 2680 tempore
1785 2607 1992 2661 tecum
2040 2660 2046 2667 ,

287 2694 362 2747 20
489 2684 632 2745 Sive
655 2702 839 2762 aegra
858 2685 1100 2763 pariter
1123 2684 1251 2744 sive
1274 2682 1524 2742 valente
1552 2702 1776 2743 sumus.

251 2815 360 2908 15
399 2811 545 2911 Scis
572 2852 728 2911 here
751 2853 836 2911 mi
855 2850 1076 2911 multas
1103 2852 1343 2931 pariter
1364 2850 1675 2931 placuisse
1696 2846 1953 2929 puellas,
1980 2826 1985 2844 Ι
2034 2816 2148 2910 22

479 2933 613 2994 Scis
637 2936 808 3012 mihi,
831 2936 1258 3015 Demophoon,
1282 2934 1476 2996 multa
1496 2935 1711 2994 venire
1735 2932 1912 2994 mal-a.

392 3016 576 3078 Nulla
603 3020 758 3079 meis
779 3020 1015 3079 frustra
1034 3017 1381 3079 lustrantur
1404 3018 1671 3097 compita
1688 3015 1937 3097 plantis,

478 3101 530 3162 Ο
553 3104 735 3163 nimis
759 3104 949 3163 exitio
975 3109 1118 3161 nata
1138 3102 1387 3161 theatra
1407 3119 1568 3179 meo,

316 3193 352 3244 5
394 3184 538 3245 Sive
561 3186 783 3266 aliquis
803 3184 976 3246 molli
999 3184 1238 3245 diducit
1259 3182 1522 3245 candida
1542 3191 1723 3262 gestu

469 3267 733 3329 Brachia
754 3287 866 3328 seu
885 3270 1087 3330 varios
1115 3270 1341 3327 incinit
1361 3286 1471 3329 ore
1494 3268 1742 3327 modos!

387 3350 638 3410 Interea
657 3354 859 3412 nostri
884 3357 1188 3431 quaerunt
1209 3353 1329 3412 sibi
1352 3351 1569 3411 vulnus
1598 3346 1806 3425 ocelli,

469 3433 748 3494 Candida
768 3454 894 3495 non
915 3442 1084 3495 tecto
1107 3441 1367 3513 pectore
1392 3437 1447 3494 si
1475 3454 1593 3513 qua
1615 3431 1817 3506 sedet,
