2592 3867
807 200 851 261 1.
886 199 915 259 Ι
951 200 998 260 Β
1035 199 1084 260 Ε
1125 200 1179 261 R
1262 199 1364 278 lv,
1414 212 1501 281 12,
1548 210 1635 283 13,
1683 212 1767 265 14.
2168 203 2247 269 75

359 415 466 510 13
499 412 709 510 Multa
727 455 892 527 tuae,
916 449 1160 529 Sparte,
1182 450 1477 509 miramur
1497 451 1634 510 iura
1651 430 2016 533 pilaestrae,
2133 421 2243 514 14

580 532 706 593 Sed
727 551 903 612 mage
925 534 1190 611 virginei
1211 539 1309 594 tot
1329 535 1493 593 bona
1512 536 1832 613 gymnasii,

497 617 679 694 Quod
701 636 827 676 non
850 617 1114 677 infames
1135 622 1391 677 exercet
1412 636 1678 698 corpore
1699 616 1883 679 ludos

395 742 404 749 ·
575 701 747 760 Inter
766 699 1078 760 luctantes
1101 699 1266 760 nuda
1285 698 1497 781 puella
1517 702 1707 778 viros,

418 792 451 845 5
495 784 648 843 Cum
671 783 798 864 pila
817 783 1048 845 velocis
1075 782 1244 844 fallit
1263 802 1381 864 per
1402 785 1655 844 brachia
1675 786 1894 864 iactus,

573 868 862 946 Increpat
881 874 949 927 et
975 870 1142 928 versi
1165 866 1355 927 clavis
1378 866 1615 928 adunca
1634 870 1863 947 trochi,

488 948 1056 1029 Pulverulentaque
1080 950 1158 1010 ad
1179 957 1487 1011 extremas
1512 956 1637 1011 stat
1655 952 1885 1012 femina
1906 959 2123 1032 metas,

567 1034 651 1093 Et
671 1036 906 1114 patitur
927 1033 1082 1093 duro
1103 1033 1361 1094 vulnera
1378 1035 1721 1112 pancratio,

488 1117 666 1177 Nunc
686 1117 841 1196 ligat
860 1115 938 1176 ad
960 1123 1232 1177 caestum
1254 1116 1587 1195 gaudentia
1606 1118 1859 1177 brachia
1877 1118 2053 1197 loris,

382 1209 452 1260 10
574 1199 818 1261 Missile
853 1220 1016 1261 nunc
1035 1200 1193 1261 disci
1213 1200 1458 1281 pondus
1480 1202 1547 1259 in
1570 1202 1723 1261 orbe
1744 1208 1931 1280 rotat,

490 1284 725 1363 Gyrum
743 1284 948 1364 pulsat
971 1286 1168 1364 equis,
1197 1286 1445 1345 niveum
1463 1283 1627 1345 latus
1650 1303 1800 1345 ense
1823 1287 2107 1363 revincit,

571 1368 1056 1448 virgineumque
1088 1388 1232 1430 cavo
1253 1369 1533 1449 protegit
1555 1387 1701 1429 aere
1725 1376 1927 1449 caput,

485 1451 694 1527 Qualis
715 1452 1160 1513 Amazonidum
1179 1453 1425 1513 nudatis
1446 1450 1679 1513 bellica
1697 1454 1971 1514 mammis

567 1534 1150 1596 Thermodontiacis
1171 1538 1357 1597 turba
1371 1535 1611 1597 lavatur
1632 1538 1828 1615 aquis,

380 1626 448 1677 15
489 1618 573 1679 Et
592 1616 775 1677 modo
801 1619 1090 1697 Taygeti,
1114 1621 1320 1679 crines
1342 1618 1635 1697 adspersa
1656 1622 1897 1700 pruina,

566 1700 855 1760 Sectatur
875 1702 1112 1780 patrios
1133 1719 1250 1779 per
1269 1702 1413 1778 iuga
1430 1698 1619 1777 longa
1640 1721 1859 1774 canes3

486 1781 700 1860 Qualis
723 1790 790 1843 et
807 1784 1080 1845 Eurotae
1100 1782 1328 1844 Pollux
1350 1790 1416 1843 et
1438 1783 1659 1844 Castor
1681 1786 1953 1861 harenis,

563 1868 684 1926 Hic
706 1868 904 1927 victor
923 1869 1168 1948 pugnis,
1191 1866 1305 1927 ille
1326 1868 1572 1927 futurus
1596 1868 1795 1945 equis,

483 1950 655 2011 Inter
678 1970 832 2031 quos
855 1951 1098 2012 Helene
1119 1949 1305 2011 nudis
1328 1968 1554 2031 capere
1578 1970 1743 2011 arma
1760 1947 2014 2031 papillis

373 2043 446 2095 2⁰
567 2034 799 2095 Fertur
824 2053 940 2094 nec
963 2036 1193 2095 fratres
1217 2036 1540 2102 erubuisse
1564 2031 1733 2095 deos.
1896 2104 1908 2115 ‚

478 2118 610 2179 Lex
631 2121 820 2197 igitur
844 2119 1146 2199 Spartana
1163 2125 1333 2179 vetat
1354 2117 1657 2179 secedere
1687 2123 1981 2196 amantes,

560 2202 645 2263 Et
663 2202 818 2262 licet
838 2204 905 2262 in
925 2204 1125 2263 triviis
1149 2202 1228 2263 acl
1251 2202 1415 2264 latus
1440 2220 1579 2262 esse
1602 2221 1772 2280 suae,

479 2284 609 2345 Nec
634 2287 820 2346 timor
842 2291 946 2346 aut
964 2284 1093 2346 ulla
1116 2290 1214 2348 est
1235 2284 1481 2347 clausae
1503 2284 1701 2347 tutela
1720 2285 1969 2368 puellae
2100 2360 2105 2367 Ι

559 2369 689 2430 Nec
712 2372 910 2449 gravis
934 2372 1168 2432 austeri
1187 2389 1389 2451 poena
1411 2370 1679 2431 cavenda
1700 2373 1837 2431 viri.

370 2459 438 2512 25
481 2450 669 2511 Nullo
692 2456 1030 2532 praemisso
1055 2452 1134 2513 de
1155 2456 1344 2513 rebus
1364 2460 1501 2513 tute
1521 2452 1799 2531 loquaris

560 2535 700 2614 Ipse
720 2536 877 2594 tuis:
919 2533 1142 2611 longae
1164 2533 1339 2594 nulla
1356 2533 1612 2612 repulsa
1632 2553 1859 2595 morae.

478 2617 536 2678 N
538 2636 618 2677 on
640 2618 874 2696 Tyriae
893 2622 1100 2677 vestes
1123 2617 1399 2676 errantia
1414 2614 1649 2676 lumina
1667 2614 1918 2693 fallunt,

559 2701 677 2761 Est
696 2719 902 2781 neque
924 2699 1217 2760 odoratae
1241 2718 1390 2759 cura
1408 2698 1673 2760 molesta
1694 2718 1922 2760 comae.

480 2785 565 2844 At
583 2790 798 2844 nostra
817 2784 1058 2863 ingenti
1077 2782 1247 2844 vadit
1266 2782 1643 2844 circumdata
1662 2784 1866 2859 turba3

369 2876 442 2930 30
560 2869 692 2929 Nec
715 2868 974 2947 digitum
997 2874 1252 2946 angusta
1273 2873 1372 2929 est
1392 2868 1731 2927 inseruisse
1754 2868 1873 2943 via,

476 2950 607 3014 Nec
631 2972 786 3032 quae
809 2954 936 3013 sint
953 2953 1146 3013 facies
1169 2970 1286 3012 nec
1312 2969 1467 3030 quae
1492 2952 1618 3011 sint
1637 2951 1828 3011 verba
1847 2949 2125 3029 rogandi,

559 3037 870 3097 Invenias:
915 3055 1163 3097 caecum
1186 3041 1394 3095 versat
1416 3042 1649 3095 amator
1669 3036 1813 3097 iter.

479 3118 659 3195 Quod
681 3122 734 3181 si
751 3123 889 3180 iura
908 3120 1080 3182 fores
1101 3136 1460 3199 pugnasque
1485 3121 1721 3179 imitata
1737 3119 2068 3194 Laconum,
2186 3189 2195 3195 ἱ

559 3203 779 3263 Carior
799 3205 918 3264 hoc
943 3222 1114 3265 esses
1135 3209 1206 3263 tu
1225 3203 1399 3281 mihi,
1420 3203 1632 3282 Roma,
1654 3204 1837 3264 bono.

333 3332 442 3426 14
475 3328 592 3427 Sic
614 3386 730 3445 ego
751 3387 878 3427 non
897 3368 1063 3430 ullos
1082 3373 1204 3429 iam
1223 3372 1425 3431 norim
1446 3372 1513 3429 in
1528 3326 1735 3429 amore
1754 3362 2072 3440 tumultus,
2109 3327 2212 3420 15

553 3451 686 3512 Nec
705 3452 913 3511 veniat
933 3455 1070 3513 sine
1087 3459 1153 3513 te
1179 3472 1302 3513 nox
1320 3452 1627 3530 vigilanda
1647 3450 1828 3511 mihi:
