2592 3867
421 166 508 233 40
1025 155 1749 221 PROPERTII

675 331 986 410 Excipere
1009 334 1078 389 et
1097 329 1317 388 stricto
1338 327 1536 405 figere
1558 344 1732 387 avem
1752 324 2009 407 calamo,

487 425 556 479 25
602 417 734 493 Qua
755 414 1028 474 formosa
1053 431 1162 472 suo
1187 409 1535 471 Clitumnus
1555 410 1807 471 flumina
1824 408 1967 471 luco

676 498 908 576 Integit
929 502 996 565 et
1019 496 1234 555 niveos
1257 491 1456 553 abluit
1476 491 1640 553 unda
1659 496 1869 555 boves.

596 583 698 642 Tu
722 582 1011 662 quotiens
1033 576 1271 658 aliquid
1293 579 1625 655 conabere,
1645 578 1792 655 vita,
1814 586 2125 641 memento

678 664 1028 729 Venturum
1047 662 1259 742 paucis
1280 678 1381 721 me
1402 661 1521 722 tibi
1540 660 1869 724 Luciferis.

599 750 703 809 Sic
725 766 824 808 me
849 764 968 808 nec
989 745 1160 805 solae
1181 749 1482 824 poterunt
1504 751 1787 806 avertere
1810 745 1999 807 silvae

489 844 560 897 30
679 831 812 891 Nec
831 848 982 908 vaga
1001 829 1300 889 muscosis
1323 828 1577 889 flumina
1593 828 1733 889 fusa
1751 831 1932 909 iugis,

600 915 764 993 Quin
785 932 902 992 ego
923 915 992 973 in
1012 910 1256 973 assidua
1276 917 1509 971 mutem
1527 917 1635 972 tua
1653 915 1901 973 nomina
1920 912 2155 994 lingua:

678 998 944 1059 Absenti
962 1015 1144 1057 nemo
1165 1013 1291 1055 non
1313 996 1599 1057 nocuisse
1619 993 1791 1058 velit.

452 1134 499 1227 1
511 1132 559 1225 3
597 1130 772 1235 Quid
792 1166 909 1227 fles
933 1163 1196 1225 abducta
1217 1166 1461 1241 gravius
1481 1162 1770 1225 Briseide
1783 1164 1817 1223 2²
1858 1163 2007 1243 quid
2024 1166 2139 1225 fles
2226 1127 2345 1223 20

677 1249 876 1310 Anxia
897 1248 1134 1327 captiva
1153 1249 1397 1308 tristius
1418 1247 1891 1308 Andromacha?

598 1331 838 1409 Quidve
858 1348 996 1391 mea
1017 1330 1097 1390 de
1118 1330 1342 1391 fraude
1364 1330 1537 1408 deos,
1558 1333 1791 1407 insana,
1814 1330 2035 1410 fatigas
2052 1334 2085 1392 ’ἒ

682 1412 848 1491 Quid
872 1415 1155 1493 quereris
1177 1422 1455 1475 nostram
1476 1417 1565 1474 sic
1588 1414 1889 1474 cecidisse
1910 1414 2102 1475 fidem
2115 1418 2148 1475 ’ἒ

525 1511 558 1562 5
599 1500 658 1561 N
660 1519 741 1560 on
760 1504 887 1558 tam
905 1504 1208 1558 nocturna
1229 1497 1499 1557 volucris
1520 1498 1769 1559 funesta
1789 1496 2077 1578 querella

681 1583 893 1643 Attica
915 1581 1238 1662 Cecropiis
1263 1584 1572 1663 obstrepit
1590 1584 1657 1642 in
1676 1578 1871 1661 foliis,

598 1666 731 1728 Nec
753 1672 992 1727 tantum
1012 1664 1215 1726 Niobe
1235 1666 1333 1727 bis
1356 1684 1465 1727 sex
1486 1665 1564 1727 ad
1584 1667 1765 1727 busta
1787 1668 2055 1748 superba

683 1748 970 1812 Sollicito
993 1748 1282 1811 lacrimas
1307 1749 1528 1812 defluit
1550 1772 1584 1811 a
1604 1750 1841 1832 Sipylo.

595 1837 709 1900 Me
728 1833 887 1897 licet
906 1835 1136 1896 aeratis
1157 1836 1503 1914 astringant
1522 1837 1778 1897 brachia
1797 1835 1998 1912 nodis,

490 1930 559 1981 10
683 1920 824 1981 Sint
844 1940 982 1981 mea
1000 1916 1106 1981 vel
1125 1918 1368 1979 Danaes
1392 1918 1641 1979 condita
1661 1920 1937 1981 membra
1958 1918 2158 1997 domo,

595 2003 666 2063 In
686 2008 754 2062 te
777 2020 892 2080 ego
917 2008 985 2061 et
1005 2008 1246 2060 aeratas
1267 2020 1566 2078 rumpam,
1587 2019 1726 2059 mea
1744 2003 1889 2077 vita,
1914 2008 2183 2080 catenas,

677 2085 1004 2144 Ferratam
1022 2082 1264 2139 Danaes
1293 2080 1761 2159 transiliamque
1786 2081 2060 2143 domum:

595 2169 689 2228 De
711 2172 779 2226 te
803 2164 1232 2245 quodcumque
1255 2162 1335 2223 ad
1355 2162 1572 2224 surdas
1592 2165 1746 2225 mihi
1769 2163 1999 2225 dicitur
2020 2186 2202 2227 aures
2218 2189 2239 2227 τ

680 2249 782 2309 Tu
800 2248 983 2309 modo
1005 2265 1088 2307 ne
1110 2245 1324 2306 dubita
1346 2245 1425 2307 de
1447 2248 1747 2325 gravitate
1770 2268 1922 2311 mea.

487 2342 554 2395 15
597 2333 753 2394 Ossa
771 2333 890 2391 tibi
913 2332 1048 2391 iuro
1071 2348 1187 2410 per
1205 2331 1420 2391 matris
1444 2338 1510 2391 et
1532 2351 1671 2392 ossa
1689 2336 1970 2413 parentis

673 2408 788 2501 (Si
808 2412 987 2492 fallo,
1011 2414 1166 2474 cinis
1187 2414 1314 2474 heu
1334 2416 1417 2475 sit
1437 2416 1589 2476 mihi
1608 2422 1877 2497 uterque
1900 2419 2100 2495 gravis
2112 2410 2174 2499 Ξ)

592 2500 703 2562 Me
726 2499 844 2559 tibi
867 2497 946 2559 ad
970 2504 1275 2559 extremas
1297 2518 1669 2579 mansurum,
1692 2501 1838 2582 vita,
1858 2502 2184 2563 tenebras:

543 2654 564 2668 d
673 2584 907 2645 Ambos
929 2602 1051 2643 una
1067 2581 1228 2643 fides
1251 2584 1517 2663 auferet,
1536 2604 1657 2644 una
1680 2583 1835 2647 dies.

596 2668 777 2745 Quod
799 2669 853 2728 si
873 2686 992 2729 nec
1012 2686 1241 2727 nomen
1262 2687 1380 2729 nec
1401 2688 1501 2729 me
1522 2675 1628 2731 tua
1646 2671 1848 2730 forma
1868 2677 2139 2747 teneret,
2214 2703 2217 2707 ·

483 2761 554 2813 20
675 2752 903 2812 Posset
931 2752 1248 2812 servitium
1271 2754 1422 2812 mite
1445 2757 1666 2814 tenere
1688 2760 1877 2815 tuum.

595 2834 874 2916 Septima
893 2837 1014 2895 iam
1034 2832 1260 2915 plenae
1284 2834 1616 2896 deducitur
1637 2838 1841 2895 orbita
1859 2834 2067 2913 lunae,

675 2921 830 2981 Cum
859 2918 940 2979 de
962 2937 1062 2980 me
1086 2923 1150 2978 et
1174 2918 1252 2979 de
1274 2924 1343 2979 te
1367 2920 1633 2998 compita
1652 2917 1827 2978 nulla
1846 2926 2087 2978 tacent:

591 3003 842 3062 Interea
860 3004 1042 3063 nobis
1062 3022 1189 3063 non
1209 3021 1537 3081 numquam
1558 3003 1739 3061 ianua
1758 2998 1986 3079 mollis,

671 3083 729 3144 N
732 3104 813 3143 on
834 3103 1163 3163 numquam
1183 3084 1339 3147 lecti
1363 3087 1539 3166 copia
1558 3087 1723 3146 facta
1742 3085 1851 3144 tui.

480 3178 549 3229 25
591 3167 724 3229 Nec
746 3168 900 3227 mihi
921 3170 1278 3229 munerib‘us
1300 3189 1422 3229 nox
1442 3167 1573 3230 ulla
1594 3175 1692 3230 est
1714 3175 1920 3249 empta
1939 3168 2174 3229 beatis:

675 3248 986 3329 Quicquid
1008 3268 1197 3327 eram,
1219 3252 1341 3311 hoc
1363 3255 1548 3313 animi
1568 3254 1764 3332 gratia
1784 3272 2000 3331 magna
2018 3253 2129 3314 tui.

592 3335 748 3397 Cum
767 3341 834 3393 te
853 3339 981 3393 tam
1001 3332 1181 3393 multi
1201 3341 1517 3414 peterent,
1540 3343 1609 3396 tu
1631 3355 1729 3398 me
1752 3356 1872 3397 una
1891 3336 2141 3417 petisti:

664 3418 927 3477 Possum
947 3435 1063 3495 ego
1085 3423 1342 3477 naturae
1364 3438 1491 3479 non
1512 3421 1864 3483 meminisse
1887 3428 2029 3479 tuae
2042 3418 2076 3477 ‘l
