2592 3867
502 180 588 247 38
1093 175 1828 241 PROPERTII

669 346 792 413 vel
818 354 888 409 tu
909 348 1230 428 Sisyphios
1250 346 1408 407 licet
1430 346 1738 407 admirere
1758 343 2032 426 labores,

755 429 1030 493 Difficile
1058 437 1129 491 ut
1149 437 1282 491 toto
1306 436 1516 493 monte
1537 421 1778 492 volutet
1800 448 1986 490 onus·

673 518 942 578 Durius
922 534 988 575 ιιι
1008 516 1200 576 terris
1223 514 1383 574 nihil
1406 520 1503 575 est
1527 514 1693 593 quod
1711 515 1875 574 vivat
1895 520 2157 593 amante,

567 610 636 663 10
755 600 908 678 Nec,
930 598 1112 659 modo
1137 599 1190 657 si
1214 599 1435 678 sapias,
1461 596 1626 677 quod
1646 599 1846 657 minus
1870 616 2011 659 esse
2030 596 2208 663 velis.

671 685 868 761 Quem
887 682 1070 742 modo
1092 674 1348 741 felicem
1367 680 1598 742 invidia
1620 680 1963 745 admirante
1984 683 2297 762 ferebant,

749 767 927 826 Nunc
950 764 1191 826 decimo
1217 764 1511 826 admittor
1531 766 1631 825 vix
1653 782 1770 844 ego
1796 786 2041 845 quoque
2064 767 2185 829 die.

670 849 887 910 Nunc·
867 868 1076 909 lacere
1101 868 1137 910 e
1162 847 1316 909 duro
1342 868 1565 929 corpus
1588 850 1774 927 iuvat,
1801 851 2007 931 impia,
2030 870 2193 929 saxo,

753 934 1012 994 Sumere
1037 935 1190 993 etin
1210 938 1454 993 nostras
1476 935 1627 993 trita
1648 952 1887 995 venena
1907 953 2149 994 manus:

566 1025 630 1081 15
673 1018 806 1079 Nec
826 1016 983 1078 licet
1001 1019 1068 1078 in
1089 1018 1288 1079 triviis
1313 1018 1476 1077 sicca
1495 1019 1899 1097 requiescere
1918 1015 2063 1078 luna

729 1103 878 1169 ‚Aut
897 1121 1014 1183 per
1033 1102 1294 1164 rimosas
1316 1102 1569 1162 mittere
1591 1103 1780 1162 verba
1798 1102 1987 1163 fores.

671 1185 853 1263 Quod
878 1186 1148 1264 quamvis
1169 1185 1259 1243 ita
1279 1186 1381 1263 sit,
1406 1183 1712 1246 dominam
1734 1190 1971 1246 mutare
1997 1183 2255 1246 cavebo:

753 1268 916 1328 Tum
935 1268 1136 1346 flebit,
1160 1286 1296 1327 cum
1316 1269 1383 1327 in
1404 1288 1503 1329 me
1526 1270 1797 1330 senserit
1818 1286 1957 1328 esse
1978 1268 2187 1329 fldem.

526 1397 637 1497 10
667 1400 978 1497 Assiduae
998 1433 1208 1497 multis
1233 1435 1441 1495 odium
1460 1452 1771 1515 peperere
1796 1432 2155 1513 querellae:
2304 1400 2417 1494 18

748 1520 1086 1599 Frangitur
1104 1520 1172 1579 in
1193 1521 1384 1579 tacito
1405 1520 1636 1578 femIna
1656 1537 1845 1599 saepe
1866 1520 2019 1580 viro.

664 1604 734 1665 Si
756 1604 905 1685 quid
931 1603 1162 1683 vidisti,
1191 1621 1439 1684 semper
1457 1602 1687 1663 vidisse
1708 1609 1966 1684 negato:

740 1690 871 1750 Aut
891 1692 945 1750 si
969 1687 1121 1770 quid
1143 1686 1346 1749 doluit
1366 1689 1555 1766 forte,
1581 1687 1798 1748 dolere
1818 1706 1994 1767 nega.

587 1778 621 1833 5
667 1772 832 1852 Quid
857 1774 911 1835 si
936 1774 1057 1835 iam
1085 1774 1252 1833 canis
1277 1777 1447 1832 aetas
1468 1791 1606 1832 mea
1628 1773 1890 1833 candeat
1909 1774 2103 1851 annis,

703 1867 720 1875 ⁷
741 1860 827 1920 Et
852 1860 1040 1918 faciat
1067 1858 1288 1916 scissas
1311 1854 1603 1933 languida
1625 1876 1777 1935 ruga
1798 1875 1984 1937 genas
1998 1857 2030 1914 *ἒ

658 1942 745 2000 At
765 1960 888 1999 non
914 1942 1177 1998 Tithoni
1198 1956 1502 2016 spernens
1524 1939 1769 1998 Aurora
1791 1948 2104 2001 senectam

737 2023 1070 2080 Desertum
1089 2020 1221 2079 an
1241 2038 1424 2097 passa
1442 2020 1652 2081 iacere
1678 2022 1858 2085 domo
1884 2031 2010 2084 est:

531 2100 534 2105 ’
655 2102 836 2165 Illum
857 2121 1043 2183 saepe
1066 2104 1192 2162 suis
1217 2100 1532 2164 decedens
1554 2105 1711 2167 fovit
1732 2110 1797 2168 in
1818 2106 2004 2185 ulnis,

550 2198 620 2249 10
745 2189 939 2265 Quam
957 2188 1133 2268 prius
1158 2185 1480 2248 adiunctos
1505 2189 1720 2251 sedula
1739 2189 1890 2251 lavit
1912 2208 2138 2270 equos:

654 2270 832 2332 Hlum
855 2271 933 2332 ad
951 2272 1186 2332 vicinos
1209 2291 1349 2332 cum
1372 2272 1651 2353 amplexa
1674 2275 2029 2353 quiesceret
2050 2270 2258 2352 Indos,

733 2356 1017 2418 Maturos
1041 2357 1272 2416 iterum
1293 2361 1393 2416 ent
1414 2363 1631 2435 questa
1652 2354 1865 2415 redire
1890 2355 2045 2417 dies.

651 2436 764 2500 Illa
785 2439 938 2500 deos
963 2460 1210 2502 currum
1242 2438 1665 2500 conscendens
1690 2438 1845 2500 dixit
1863 2440 2133 2521 iniquos,

731 2524 997 2586 Invitum
1019 2532 1085 2585 et
1104 2526 1295 2585 terris
1318 2526 1635 2604 praestitit
1657 2524 1964 2602 officium

542 2616 609 2671 15
654 2608 771 2669 Cui
793 2611 1025 2672 maiora
1051 2610 1218 2669 senis
1243 2609 1505 2669 Tith‘oni
1528 2608 1747 2687 gaudia
1765 2611 1906 2689 vivi,

733 2694 927 2770 Quam
949 2694 1150 2771 gravis
1174 2694 1395 2751 amisso
1417 2692 1755 2755 Memnone
1776 2692 1981 2755 luctus
2006 2696 2158 2753 erat.

648 2776 804 2837 Cum
831 2793 982 2837 sene
1003 2794 1130 2835 non
1150 2774 1375 2855 puduit
1394 2772 1582 2835 talem
1606 2776 1879 2838 dormire
1898 2774 2169 2858 puellam

729 2862 815 2922 Et
838 2878 1024 2921 canae
1045 2859 1279 2917 totiens
1305 2855 1517 2915 oscula
1536 2859 1712 2918 ferre
1736 2876 1964 2920 comae.

645 2944 732 3002 At
750 2947 822 3002 tu
843 2946 1030 3003 etiam
1051 2944 1338 3002 iuvenem
1360 2938 1548 3000 odisti
1569 2960 1689 3019 me,
1711 2941 1974 3022 perfida,
1999 2960 2138 3003 cum
2158 2944 2245 3003 sis

541 3034 612 3087 20
733 3023 871 3104 Ipsa
893 3045 1043 3086 anus
1065 3025 1231 3087 haud
1250 3024 1436 3103 longa
1460 3043 1645 3085 curva
1665 3026 1875 3085 futura
1896 3022 2019 3087 die.

648 3108 812 3185 Quin
834 3127 949 3186 ego
979 3108 1267 3171 deminuo
1294 3128 1528 3190 curam,
1556 3107 1721 3189 quod
1742 3127 1930 3190 saepe
1954 3108 2196 3189 Cupido

719 3190 890 3252 'Huic
911 3190 1104 3252 malus
1129 3209 1269 3253 esse
1293 3190 1475 3271 solet,
1500 3194 1599 3253 cui
1621 3195 1817 3254 bonus
1842 3199 1985 3254 ante
2006 3194 2147 3256 fuit.

505 3322 607 3417 11
646 3320 830 3416 Nunc
855 3314 1040 3419 etiam
1059 3357 1331 3423 infectos
1356 3362 1609 3423 demens
1630 3363 1876 3425 imitare
1900 3364 2253 3438 Britannos,

722 3439 915 3503 Ludis
938 3447 1004 3501 et
1027 3449 1284 3503 externo
1306 3447 1502 3508 tincta
1521 3449 1727 3512 nitore
1752 3446 1981 3530 caput?
