2592 3867
802 295 1639 377 nlnER·n‚5‚s‚7.
2099 299 2186 365 2⁷

432 464 552 527 nl·
571 462 921 544 puellarum
943 463 1247 541 ingenuos
1271 465 1551 543 corrupit
1574 463 1809 525 ocellos

327 558 400 613 30
519 548 976 627 Nequitiaequc
999 562 1146 605 suae
1167 543 1373 605 noluit
1395 564 1533 606 esse
1555 547 1762 609 rudes.

433 633 536 695 Ah
557 638 778 713 gemat,
800 631 867 689 in
887 630 1077 689 terris
1097 630 1219 687 ista
1245 631 1351 707 qui
1374 627 1640 708 protulit
1663 639 1798 692 arte

512 717 716 795 Iurgia
737 714 848 774 sub
870 714 1061 773 tacita
1082 710 1333 772 condita
1350 710 1609 775 laetitia.

429 798 569 861 Non
589 800 728 859 istis
751 794 902 857 olim
922 796 1240 856 variabant
1257 802 1429 857 tecta
1448 798 1665 876 figuris
1682 819 1699 857 t

509 880 672 945 Tum
691 876 899 963 paries
923 876 1100 940 nullo
1124 879 1382 940 crimine
1404 882 1607 959 pictus
1630 890 1783 946 erat.

322 1020 394 1075 35
436 1010 564 1073 Sed
583 1029 710 1071 non
729 1009 1022 1070 inmerito
1045 1005 1272 1067 velavit
1291 1025 1517 1067 aranea
1534 1008 1745 1069 fanum

511 1096 599 1157 Et
620 1092 780 1155 mala
799 1091 1087 1153 desertos
1107 1099 1371 1171 occupat
1390 1091 1591 1153 herba
1610 1090 1781 1154 deos.

433 1228 600 1305 Quos
621 1226 813 1304 igitur
833 1222 950 1283 tibi
971 1221 1284 1297 custodes,
1310 1240 1467 1300 quae
1486 1218 1700 1281 limina
1718 1240 1966 1303 ponam,

513 1310 682 1386 Quae
704 1325 1030 1385 numquam
1053 1324 1238 1386 supra
1257 1324 1373 1385 pes
1393 1306 1678 1366 inimicus
1701 1306 1847 1365 eat?

428 1392 580 1454 Nam
602 1390 763 1453 nihil
784 1391 1013 1450 invitae
1035 1390 1237 1449 tristis
1259 1387 1540 1449 custodia
1559 1388 1853 1468 prodest:

320 1488 394 1541 40
514 1478 709 1554 Quam
726 1492 990 1556 peccare
1012 1472 1228 1553 pudet,
1258 1472 1547 1551 Cynthia,
1572 1478 1706 1533 tuta
1727 1480 1826 1533 sat
1846 1481 1961 1536 est.

423 1602 553 1665 Nos
573 1622 727 1662 uxor
747 1620 1096 1680 numquam,
1117 1617 1448 1678 nmquam
1468 1598 1723 1659 diducet
1742 1600 1964 1661 amica:

513 1686 774 1764 Semper
796 1686 989 1745 amica
1008 1684 1180 1760 mihi,
1203 1700 1451 1761 semper
1474 1689 1541 1741 et
1559 1702 1713 1744 uxor
1736 1686 1881 1744 eris.

347 1819 398 1911 7
434 1816 660 1913 Gavisa
682 1870 750 1911 es
770 1856 945 1910 certe
969 1848 1290 1925 sublatam,
1318 1847 1607 1926 Cynthia,
1632 1847 1861 1925 legem,

469 1937 481 1947 '
511 1936 644 2011 Qua
667 1933 971 2015 quondam
998 1932 1204 1993 edicta
1222 1933 1443 1992 flemus
1463 1936 1729 2010 uterque
1753 1930 1878 2010 diu,

426 2020 640 2081 Ninos
663 2013 988 2078 divideret.
1035 2017 1305 2097 quamvis
1329 2014 1627 2075 diducere
1651 2022 1923 2076 amantes

509 2102 647 2164 Non
673 2109 860 2183 queat
880 2102 1107 2162 invitos
1129 2101 1409 2180 Iuppiter
1431 2099 1567 2180 ipse
1589 2097 1761 2159 duos.

350 2199 384 2249 5
427 2190 511 2247 At
531 2204 784 2264 magnus
806 2184 1052 2264 Caesar.
1101 2183 1215 2244 sed
1231 2202 1487 2261 magnus
1511 2182 1742 2243 Caesar
1765 2184 1835 2243 in
1857 2184 2072 2245 armis:

504 2272 798 2331 Devictae
821 2276 1039 2349 gentes
1060 2266 1155 2328 nil
1174 2270 1241 2327 in
1265 2285 1475 2327 amore
1494 2265 1721 2327 valent.

421 2353 575 2416 Nam
598 2356 781 2416 citius
799 2360 1053 2434 paterer
1077 2358 1261 2433 caput
1280 2352 1403 2412 hoc
1426 2349 1753 2411 discedere
1775 2347 1964 2428 collo,

504 2438 698 2516 Quam
716 2453 966 2518 possem
983 2442 1216 2515 nuptae
1235 2434 1509 2513 perdere
1536 2451 1744 2495 amore
1766 2433 1955 2494 faces.

421 2524 549 2584 Aut
569 2541 686 2599 ego
708 2520 1042 2579 transirem
1060 2523 1170 2579 tua,
1183 2516 1400 2576 limina
1422 2516 1633 2577 clausa
1653 2518 1929 2593 maritus,

315 2613 387 2668 10
505 2604 870 2683 Respiciens
893 2600 1032 2661 udis
1051 2599 1303 2679 prodita
1319 2598 1700 2658 luminibus?

423 2689 523 2749 Ah
544 2705 682 2748 mea
701 2693 832 2745 tum
854 2683 1049 2763 qualis
1074 2687 1332 2741 caneret
1354 2681 1493 2757 tibi,
1518 2680 1807 2761 cynthia,
1832 2699 2076 2741 somnos

505 2771 711 2848 Tibia,
731 2770 980 2829 funesta
999 2767 1239 2827 tristior
1261 2763 1371 2825 illa
1391 2764 1568 2826 tuba!

420 2892 603 2958 Unde
627 2896 776 2955 mihi
798 2895 1017 2977 patriis
1039 2900 1253 2973 gnatos
1273 2893 1583 2973 praebere
1606 2890 1982 2973 triumphis?
2029 2965 2035 2970 ¹

497 2978 720 3040 Nullus
745 2980 822 3041 de
842 2986 1058 3039 nostro
1082 2978 1379 3056 sanguine
1402 2975 1583 3036 miles
1602 2977 1744 3036 erit.

313 3072 382 3126 15
424 3064 604 3141 Quod
625 3065 678 3125 si
703 3083 851 3124 vera
869 3082 1044 3124 meae
1069 3062 1440 3122 comitarent
1461 3067 1662 3121 castra
1682 3058 1969 3140 puellae,-

495 3148 634 3209 Non
655 3148 806 3208 mihi
828 3155 922 3208 sat
943 3164 1194 3225 magnus
1217 3146 1501 3208 Castoris
1512 3146 1644 3208 iret
1668 3164 1881 3227 equus.
1956 3142 1964 3151 '

415 3232 579 3292 Hinc
601 3232 832 3292 etenim
851 3238 1088 3292 tantum
1110 3232 1341 3291 meruit
1361 3250 1497 3291 mea
1519 3233 1717 3310 gloria
1737 3249 1983 3308 nomen,

501 3314 717 3376 Gloria
739 3313 815 3375 ad
837 3316 1133 3376 hibernos
1154 3312 1282 3373 lata
1303 3314 1814 3394 Borysthenidas.

419 3398 520 3457 Tu
552 3393 701 3458 mihi
736 3396 868 3459 sola
885 3396 1127 3479 places:
1172 3396 1452 3477 placeam
1472 3401 1609 3475 tibi,
1640 3397 1928 3475 Cynthia,
1953 3392 2154 3452 solus:
2238 3450 2249 3459 ,

309 3491 380 3543 20
500 3478 620 3542 Hic'
645 3482 767 3542 erit
791 3490 856 3542 et
875 3483 1077 3562 patrio
1102 3482 1395 3559 sanguine
1418 3478 1617 3560 pluris
1640 3496 1826 3538 amor.
