2592 3867
707 201 1092 295 LIBER
1176 204 1279 284 111,
1326 216 1574 289 7‚s‚9.
2020 216 2103 283 37

433 371 752 433 Formosis
777 372 996 433 levitas
1019 392 1266 453 semper
1289 377 1483 437 amica
1501 378 1642 440 fuit.

351 455 662 517 Barbarus
687 457 958 517 excussis
981 457 1172 537 agitat
1193 459 1456 537 vestigia
1476 457 1702 523 lumbis

429 540 516 599 Et
535 540 742 599 subito
761 538 914 600 felix
934 559 1097 599 nunc
1117 558 1254 601 mea
1274 560 1469 620 regna
1487 549 1686 609 tenet.

349 624 582 703 Aspice
605 622 755 703 quid
777 622 954 683 donis
973 622 1280 703 Eriphyla
1298 626 1542 687 invenit⁴
1561 634 1803 711 amaris,

155 720 161 727 '
239 714 313 769 30
433 707 684 767 Arserit
703 712 771 767 et
797 707 1040 785 quantis
1060 714 1252 787 nupta
1272 708 1509 769 Creusa
1530 711 1725 777 malis.

353 788 620 851 Nullane
643 790 887 851 sedabit
906 796 1154 851 nostros
1173 792 1401 855 iniuria
1421 794 1605 855 fletus
1620 796 1653 853 2²

429 875 529 935 An
554 872 735 934 dolor
755 875 858 933 hic
882 876 1048 935 vitiis
1070 877 1273 936 nescit
1295 878 1514 951 abesse
1537 879 1659 940 tuis
1674 880 1707 939 2²

348 956 475 1018 Tot
494 959 618 1017 iam
640 959 853 1018 abiere
875 956 1032 1035 dien,
1062 977 1198 1017 cum
1225 977 1324 1017 me
1347 977 1465 1019 nec
1488 981 1635 1021 cura
1652 963 1887 1023 theatri

425 1040 483 1101 N
485 1060 558 1102 ec
579 1042 793 1119 tetigit
811 1042 1045 1121 Campi,
1071 1060 1189 1101 nec
1215 1059 1353 1101 mea
1373 1042 1556 1103 Musa
1576 1045 1759 1107 iuvat.

235 1131 304 1185 35
346 1125 435 1185 At
454 1123 688 1205 pudeat
710 1130 907 1203 certe,
932 1124 1195 1205 pudeat3
1233 1126 1356 1185 nisi
1375 1126 1566 1205 forte,
1591 1127 1759 1207 quod
1780 1131 1970 1209 aiunt,

427 1207 660 1289 Turpis
684 1227 854 1269 amor
875 1208 1079 1269 surdis
1101 1210 1349 1269 auribus
1373 1228 1513 1271 esse
1536 1210 1720 1273 solet.

343 1293 550 1354 Cerne
565 1293 814 1371 ducem,
837 1292 1022 1353 modo
1044 1294 1149 1372 qui
1170 1294 1427 1354 fremitu
1451 1293 1781 1375 complevit
1800 1298 1969 1357 inani
2009 1352 2018 1361 .

423 1378 604 1437 Aetia
628 1376 926 1437 damnatis
951 1395 1220 1455 aequora
1240 1375 1559 1439 militibus.

341 1459 524 1521 Hune
547 1461 792 1521 infamis
817 1480 985 1521 amor
1007 1462 1203 1521 versis
1226 1459 1377 1521 dare
1400 1467 1579 1539 terga
1602 1464 1825 1545 carinis

228 1552 304 1607 40
422 1544 608 1605 Iussit
630 1550 696 1605 et
721 1551 1000 1605 extremo
1025 1564 1328 1623 quaerere
1350 1546 1417 1605 in
1444 1547 1597 1605 orbe
1619 1546 1843 1626 fugam.

340 1628 624 1689 Caesaris
649 1629 802 1687 haee
824 1630 1018 1688 virtus
1044 1634 1112 1687 et
1131 1627 1328 1705 gloria
1350 1628 1634 1689 Caesaris
1655 1631 1809 1690 haee
1832 1637 1961 1691 est:

417 1710 548 1789 ma,
579 1730 698 1789 qua
716 1711 884 1787 vicit,
909 1708 1189 1769 condidit
1210 1730 1377 1769 arma
1400 1729 1598 1773 manu.

337 1794 466 1855 Sed
482 1812 893 1873 quascumque
907 1793 1024 1853 tihi
1036 1791 1262 1871 vestes,
1279 1812 1693 1872 quoscumque
1710 1795 2081 1876 smaragdos,

119 1932 122 1937 .
419 1879 664 1955 Quosve
689 1875 866 1936 dedit
885 1874 1040 1936 flavo
1065 1875 1296 1936 lumine
1321 1875 1757 1955 chrysolithos,

113 1966 126 2007 ··'
223 1971 296 2025 45
335 1962 511 2023 Haec
532 1960 774 2021 videam
794 1960 1040 2041 rapidas
1061 1961 1128 2019 in
1148 1979 1366 2021 vanum
1387 1962 1561 2020 ferre
1582 1960 1913 2041 procellas,

421 2047 590 2123 Quae
611 2046 730 2106 tibi
751 2052 943 2122 terra,
966 2044 1171 2124 velim,
1197 2063 1353 2123 quae
1375 2046 1492 2104 tibi
1511 2046 1620 2105 fiat
1642 2065 1814 2125 aqua.

332 2129 471 2190 Non
497 2147 744 2209 semper
764 2122 1043 2209 plaeidus
1063 2130 1352 2209 periuros
1372 2128 1543 2189 ridet
1561 2137 1834 2190 amantes
1954 2126 1959 2131 ’

416 2214 694 2292 Iuppiter
715 2219 781 2272 et
805 2212 991 2273 surda
1010 2212 1274 2292 negligit
1295 2231 1443 2283 aure
1465 2232 1708 2294 preces.

329 2295 592 2359 Vidistis
613 2302 747 2357 toto
770 2297 1008 2358 sonitus
1027 2315 1403 2377 percurrere
1428 2297 1598 2358 eaelo

223 2388 298 2443 50
415 2378 822 2460 Fulminaque
844 2379 1123 2446 aetheria
1142 2380 1475 2443 desiluisse
1501 2381 1713 2441 domo:

326 2463 466 2524 Non
487 2466 642 2525 haee
663 2463 958 2525 Pleiades
979 2467 1216 2525 faciunt
1234 2484 1442 2543 neque
1466 2484 1729 2543 aquosus
1754 2464 1971 2541 Orion,

409 2547 543 2608 Nee
565 2550 656 2607 sie
683 2547 762 2606 de
786 2546 985 2606 nihilo
1008 2546 1287 2611 fulminis
1309 2549 1405 2605 ira
1430 2547 1623 2607 cadit:

326 2631 624 2691 Periuras
644 2634 793 2690 tune
815 2628 928 2688 ille
949 2628 1116 2688 solet
1133 2629 1357 2709 punire
1379 2626 1643 2707 puellas,

410 2714 728 2794 Deceptus
750 2713 1035 2791 quoniam
1054 2712 1228 2773 flevit
1254 2719 1321 2771 et
1340 2712 1476 2791 ipse
1501 2709 1671 2770 deus.

218 2806 288 2860 55
335 2800 542 2876 Quare
564 2815 647 2857 ne
670 2797 788 2856 tibi
811 2796 894 2855 sit
912 2798 1072 2857 tanti
1092 2795 1348 2865 Sidonia
1366 2796 1579 2872 vestis,

407 2881 496 2942 Ut
514 2882 756 2959 timeas,
782 2882 1068 2959 quotiens
1091 2880 1340 2941 nubilus
1362 2879 1594 2939 Auster
1617 2877 1759 2939 erit.

902 2990 1040 3000 —,—-

178 3122 187 3130 ⁶
231 3013 288 3105 9
321 3010 592 3109 Mentiri
611 3056 882 3127 noctem,
907 3048 1228 3127 promissis
1254 3046 1488 3105 ducere
1510 3051 1831 3123 amantem,
1959 3008 2089 3103 17-

405 3132 544 3193 Hoe
566 3135 690 3194 erit
711 3134 978 3192 infectas
1000 3131 1295 3209 sauguine
1319 3130 1554 3190 hahere
1576 3148 1809 3191 manus.

322 3216 564 3277 Horum
586 3235 704 3295 ego
725 3237 860 3277 sum
878 3212 1073 3293 v'ates,
1099 3215 1387 3293 quotiens
1416 3213 1703 3275 desertus
1726 3229 1963 3273 amaras

399 3296 663 3379 Explevi
685 3306 922 3375 noctes,
951 3298 1186 3358 fractus
1209 3304 1478 3376 utroque
1500 3304 1659 3375 toro.

245 3392 279 3444 5
323 3382 448 3451 Vel
473 3390 541 3443 tu
565 3381 869 3442 Tantalea
889 3380 1175 3443 moveare
1199 3380 1276 3441 ad
1295 3376 1766 3451 flumina‘sorte‚

406 3466 495 3528 Ut
513 3466 722 3545 liquor
745 3466 948 3525 arenti
967 3463 1144 3525 fallat
1167 3467 1240 3525 ab
1265 3483 1377 3524 ore
1400 3464 1589 3541 sitim,
