2592 3867
10 2352 13 2369 -
2 1933 17 2317 ἡμὴ-ψὴν
3 1838 45 1873 Υ
3 1752 11 1792 Ἴ

25 3500 57 3655 V-ssr
24 3366 28 3475 Μ-..

859 178 1249 241 LIBER
1331 180 1597 260 V‚s,9.

444 347 674 409 Indixit
690 346 894 425 leges:
938 346 1236 427 respondi
1259 365 1376 425 ego
1400 345 1665 425 ‘legibus
1686 351 1868 410 utar?

529 432 782 493 Riserat
798 432 1064 511 imperio
1086 431 1251 491 facta
1271 432 1539 512 superba
1556 430 1723 493 dato.

442 518 605 578 Dein
627 533 1072 596 quemcumque
1091 513 1297 576 locum
1312 522 1607 576 externae
1626 517 1898 595 tetigere
1919 516 2190 598 puellae,

527 599 737 661 Sufflit
761 606 828 660 et
845 620 1004 681 pura
1022 597 1238 661 limina
1255 600 1451 678 tergit
1473 619 1651 679 aqua,

333 694 403 750 85
447 684 716 765 Imperat
739 690 804 745 et
823 690 986 745 totas
1007 684 1236 745 iterum
1253 690 1494 745 mutare
1515 683 1823 764 lucernas,

529 768 783 848 Terque
805 786 1010 829 meum
1027 769 1239 847 tetigit
1262 766 1517 829 sulfuris
1536 769 1681 846 igne
1707 775 1906 850 caput.

443 855 653 932 Atque
677 854 766 914 ita
785 858 1020 913 mutato
1041 871 1158 933 per
1181 851 1420 931 singula
1442 850 1635 933 pallia
1654 852 1821 913 lecto

521 936 863 1016 Respondi,
887 944 953 996 et
970 941 1104 995 toto
1129 934 1419 995 solvimus
1444 956 1609 997 arma
1626 943 1788 997 toro.

353 1068 408 1161 9
442 1068 1040 1185 Amphitryoniaden
1061 1124 1180 1183 qua
1200 1110 1573 1183 tempestate
1594 1104 1885 1164 iuvencos

523 1189 760 1267 Egerat
783 1208 820 1246 a
841 1186 1120 1266 stabulis,
1145 1208 1182 1249 o
1203 1189 1505 1267 Erythea,
1529 1189 1675 1267 tuis,

441 1272 636 1335 Venit
657 1270 734 1332 ad
755 1271 1018 1331 invictos
1035 1290 1339 1353 pecorosa
1359 1269 1596 1332 Palatia
1616 1277 1880 1349 montes,

522 1357 608 1417 Et
625 1356 841 1416 statuit
861 1356 1062 1417 fessos
1081 1356 1286 1417 fessus
1311 1362 1377 1416 et
1396 1356 1534 1436 ipse
1556 1355 1767 1433 boves,

365 1447 400 1500 5
444 1441 576 1517 Qua
597 1439 867 1503 Velabra
887 1459 996 1501 suo
1019 1441 1386 1520 stagnabant
1404 1440 1679 1518 flumine,
1705 1458 1946 1519 quaque

522 1525 579 1584 N
581 1530 720 1585 auta
741 1542 858 1603 per
876 1525 1142 1585 urbanas
1161 1524 1513 1585 velificabat
1532 1544 1739 1604 aquas.

443 1606 572 1667 Sed
591 1626 719 1667 non
739 1605 930 1666 infido
949 1614 1312 1668 manserunt
1331 1608 1579 1687 hospite
1604 1609 1767 1669 Caco

520 1689 894 1751 Incolumes:
935 1690 1108 1751 furto
1130 1689 1357 1771 polluit
1380 1689 1495 1750 ille
1514 1690 1737 1753 Iovem.

437 1772 643 1835 Incola
663 1776 860 1836 Cacus
883 1781 1039 1853 erat,
1060 1773 1396 1837 metuendo
1417 1781 1635 1855 raptor
1656 1775 1731 1834 ab
1756 1781 1955 1854 antro,

337 1869 406 1921 10
525 1858 651 1918 Per
673 1859 796 1918 tria
815 1860 1077 1939 partitos
1102 1860 1207 1938 qui
1231 1858 1417 1920 dabat
1436 1878 1545 1919 ora
1562 1858 1757 1919 focos.

440 1942 583 2020 Hic,
604 1962 686 2003 ne
709 1949 882 2003 certa
901 1943 1115 2005 forent
1135 1944 1503 2005 manifestae
1524 1944 1699 2021 signa
1718 1942 1996 2022 rapinae,

524 2028 794 2087 Averaos
817 2027 1008 2088 cauda
1027 2030 1223 2090 traxit
1241 2029 1309 2089 in
1332 2034 1509 2089 antra
1528 2029 1740 2105 boves,

437 2109 569 2172 Nec
593 2113 728 2172 sine
749 2118 914 2172 teste
943 2112 1095 2173 deo:
1135 2113 1343 2175 furem
1364 2130 1631 2173 sonuere
1652 2111 1917 2188 iuvenci,

518 2196 704 2256 Furis
725 2202 792 2256 et
813 2197 1152 2278 inplacidaa
1177 2197 1372 2258 diruit
1392 2199 1486 2257 ira
1504 2197 1697 2259 fores.

335 2287 401 2340 15
443 2278 754 2341 Maenalio
775 2280 966 2343 iacuit
983 2280 1196 2363 pulsu·
1220 2283 1344 2343 tria
1362 2289 1647 2363 tempora
1666 2299 1837 2342 ramo

520 2364 736 2443 Cacus,
761 2371 826 2425 et
846 2363 1102 2427 Alcides
1125 2368 1216 2427 sic
1239 2369 1357 2428 ait:
1402 2367 1513 2429 ‘ite
1537 2368 1747 2442 boves,

438 2446 732 2508 Herculis
751 2450 842 2508 ite
863 2452 1074 2526 boves,
1094 2458 1347 2509 nostrae
1368 2449 1546 2509 labor
1568 2448 1787 2529 ultirne
1810 2448 2034 2525 clavae,

519 2532 625 2590 Bis
647 2532 800 2590 mihi
824 2533 1160 2609 quaesitae,
1190 2533 1286 2592 bis
1309 2548 1447 2591 mea
1464 2529 1719 2612 praeda,
1740 2532 1949 2607 boves,

437 2613 725 2693 Arvaque
747 2615 982 2692 mugItu
1003 2616 1239 2676 sancite
1262 2616 1477 2676 boaria
1498 2614 1715 2693 longo:

328 2706 402 2759 20
524 2695 750 2758 Nobile
780 2699 904 2759 erit
923 2699 1154 2760 Romae
1171 2719 1401 2784 pascua
1420 2705 1629 2761 vestra
1648 2698 1896 2759 forum?

436 2782 712 2861 Dixerat,
735 2787 802 2843 et
823 2784 989 2844 sicco
1012 2789 1217 2845 torret
1237 2785 1375 2845 aitis
1397 2804 1506 2845 ora
1524 2782 1753 2865 palato,

523 2866 851 2946 Terraque
883 2887 1008 2928 non
1028 2866 1182 2929 ullas
1203 2868 1337 2929 feta
1354 2870 1665 2933 ministrat
1687 2886 1893 2947 aquas.

438 2949 567 3011 Sed
585 2950 808 3033 procul
826 2950 1098 3012 inclusas
1120 2952 1291 3014 audit
1310 2952 1526 3014 ridere
1546 2948 1807 3033 puellas.

517 3034 720 3097 Lucus
751 3038 827 3097 ab
846 3039 1138 3097 umbroso
1157 3038 1401 3098 fecerat
1422 3038 1576 3097 orbe
1598 3053 1836 3114 nemus,

327 3125 396 3179 25
437 3117 774 3181 Femineae
794 3120 934 3182 loca
955 3121 1160 3182 clausa
1180 3120 1337 3182 deae
1358 3121 1691 3199 fontesque
1711 3116 1991 3202 piandos,

515 3202 750 3284 Inpune
773 3212 840 3266 ct
857 3204 1046 3267 nullis
1068 3226 1242 3267 sacra
1264 3211 1511 3267 retecta
1529 3206 1697 3269 viris.

435 3287 627 3347 Devia
651 3291 951 3369 puniceae
971 3289 1262 3351 velabant
1283 3288 1499 3352 limina
1517 3290 1729 3366 vittae,

517 3372 730 3433 Putris
752 3372 1008 3435 odorato
1028 3373 1275 3435 luxerat
1292 3375 1439 3453 igne
1463 3393 1622 3450 casa,

435 3455 710 3537 Populus
732 3464 798 3516 et
818 3454 1020 3537 longis
1043 3459 1304 3519 ornabat
1322 3455 1649 3520 frondibus
1672 3450 1909 3524 aedem,

2072 181 2194 247 105
