2592 3867
411 190 534 255 100
1001 186 1731 249 PROPERTII

659 358 923 435 Bacche,
952 354 1120 417 soles
1141 356 1399 417 Phoebo
1420 354 1653 417 fertilis
1672 373 1813 417 esse
1835 362 1962 417 tuo.

577 440 696 503 llle
718 440 1050 522 paludosos
1073 447 1378 503 memoret
1398 441 1635 500 servire
1660 440 2030 519 Sicambros,

662 527 978 605 Cepheam
999 524 1102 585 hic
1122 524 1392 584 Meroen
1412 524 1709 603 fuscaque
1730 542 1925 603 regna
1946 532 2144 603 canat,

578 612 698 670 Hic
721 610 963 669 referat
981 627 1125 668 sero
1147 607 1497 667 confessum
1520 608 1782 669 foedere
1805 608 2132 669 Parthum:

469 703 540 757 80
662 691 928 753 ‘Reddat
953 693 1126 769 signa
1145 690 1346 768 Remi,
1368 708 1509 749 mox
1531 689 1703 753 dabit
1720 692 1857 770 ipse
1877 712 2019 752 sua:

575 776 718 839 Slve
741 774 976 855 aliquid
993 774 1307 854 pharetris
1330 774 1641 851 Augustus
1662 782 1881 853 parcet
1900 777 2072 854 Eois,

656 860 924 920 Differat
947 860 1013 917 in
1031 876 1262 938 pueros
1285 860 1408 918 ista
1426 863 1681 938 tropaea
1702 876 1862 919 suos.

575 942 814 1021 Gaude,
837 944 1084 1020 Crasse,
1105 943 1313 1019 nigras
1337 942 1390 1001 si
1412 940 1563 1020 quid
1584 943 1745 1022 sapis
1764 943 1933 1002 inter
1953 944 2244 1005 harenas:

654 1029 754 1088 Ire
779 1046 896 1108 per
915 1027 1280 1106 Euphraten
1304 1025 1381 1085 ad
1403 1032 1507 1085 tua
1528 1026 1707 1086 busta
1726 1023 1925 1089 licet?

467 1120 534 1175 85
580 1113 682 1172 Sic
703 1117 952 1172 noctem
970 1116 1208 1191 patera,
1233 1111 1321 1170 sic
1345 1109 1559 1170 ducam
1582 1111 1873 1187 carmine,
1899 1109 2096 1171 donec
2144 1168 2148 1173 .

659 1196 876 1257 Iniciat
896 1194 1107 1257 radios
1125 1196 1191 1255 in
1213 1212 1349 1254 mea
1369 1194 1509 1253 vina
1532 1192 1685 1257 dies.

489 1326 538 1419 7
573 1328 742 1421 Sunt
763 1360 1000 1440 aliquid
1019 1362 1272 1422 Manes:
1314 1361 1509 1421 letum
1530 1380 1655 1421 non
1678 1363 1879 1421 omnia
1897 1360 2055 1439 finit,

652 1443 1008 1525 Luridaque
1031 1447 1262 1507 evictos
1288 1447 1507 1524 effugit
1530 1447 1743 1506 umbra
1764 1462 1963 1524 rogos.

575 1529 842 1607 Cynthia
863 1548 1124 1609 namque
1147 1548 1286 1591 meo
1309 1531 1437 1590 visa
1458 1535 1555 1589 est
1574 1530 1933 1590 incumbere
1954 1526 2176 1608 fulcro,

655 1613 940 1673 Murmur
963 1613 1040 1674 ad
1061 1622 1375 1675 extremae
1396 1610 1595 1695 nuper
1616 1615 1865 1674 humata
1882 1614 2037 1691 viae,

497 1706 530 1757 5
576 1698 730 1757 Cum
752 1699 902 1757 mihi
925 1718 1172 1761 somnus
1195 1700 1269 1760 ab
1293 1700 1571 1778 exequiis
1592 1698 1903 1777 penderet
1928 1698 2170 1773 amoris,

652 1782 737 1843 Et
758 1801 1062 1861 quererer
1080 1782 1232 1843 lecti
1253 1782 1485 1863 frigida
1508 1801 1699 1861 regna
1716 1784 1859 1845 mei.

571 1865 842 1927 Eosdem
861 1868 1081 1928 habuit
1097 1885 1327 1947 secum,
1352 1868 1569 1946 quibus
1594 1872 1692 1927 est
1712 1865 1893 1943 elata,
1918 1864 2193 1946 capillos,

651 1949 922 2011 Eosdem
945 1950 1189 2012 oculos:
1232 1951 1419 2011 lateri
1440 1952 1629 2011 vestis
1652 1949 1867 2011 adusta
1888 1950 2027 2027 fuit,

569 2034 652 2093 Et
677 2032 924 2093 solitum
946 2033 1138 2112 digito
1163 2033 1452 2113 beryllon
1474 2032 1771 2093 adederat
1790 2034 1971 2107 ignis,

466 2126 534 2177 10
656 2115 1021 2195 Summaque
1043 2116 1356 2177 Lethaeus
1378 2117 1639 2177 triverat
1660 2134 1769 2174 ora
1785 2112 2022 2191 liquor:

570 2199 999 2277 Spirantisque
1024 2200 1256 2261 animos
1279 2207 1347 2259 et
1367 2217 1579 2259 vocem
1598 2198 1796 2257 misit:
1844 2203 1909 2257 at
1925 2194 2027 2257 illi

646 2280 994 2343 Pollicibus
1007 2280 1264 2359 fragiles
1285 2285 1662 2361 increpuere
1681 2300 1925 2341 manus:

570 2364 844 2425 ‘Perside
863 2383 982 2425 nec
1005 2367 1286 2445 cuiquam
1308 2362 1533 2425 melior
1555 2364 1861 2446 sperande
1882 2363 2152 2445 puellae,

647 2450 718 2509 ln
738 2457 804 2510 te
824 2450 946 2511 iam
965 2452 1130 2510 vires
1155 2469 1401 2511 somnus
1424 2452 1659 2510 habere
1678 2454 1891 2530 potest
1904 2449 1935 2507 ’ἒ

463 2541 527 2595 15
571 2534 774 2595 Iamne
797 2536 914 2596 tibi
943 2532 1303 2595 exciderant
1320 2534 1593 2613 vigilaci:
1614 2534 1782 2595 furta
1806 2532 2081 2595 Suburae

645 2619 730 2679 Et
749 2637 886 2679 mea
905 2620 1222 2679 nocturnis
1244 2620 1394 2679 trita
1412 2618 1693 2679 fenestra
1714 2616 1875 2677 dolis
1889 2617 1920 2675 ’.ἱ

566 2703 692 2763 Per
715 2723 894 2782 quam
915 2702 1180 2763 demisso
1207 2703 1492 2782 quotiens
1512 2704 1628 2763 tibi
1646 2702 1796 2762 fune
1818 2699 2110 2781 pependi,

650 2787 914 2848 Alterna
932 2789 1186 2847 veniens
1209 2788 1274 2846 in
1293 2793 1399 2845 tua
1422 2785 1585 2846 colla
1604 2786 1812 2845 manu!

571 2870 770 2951 Saepe
793 2871 1004 2934 Venus
1023 2872 1206 2931 trivio
1229 2871 1551 2929 commissa
1572 2876 1690 2947 est,
1717 2876 1977 2948 pectore
1998 2869 2184 2929 mixto

459 2961 529 3012 20
649 2955 966 3016 Fecerunt
990 2953 1231 3033 tepidas
1253 2952 1443 3034 pallia
1462 2960 1675 3013 nostra
1693 2954 1837 3012 vias.

569 3036 871 3098 Foederis
892 3040 1018 3099 heu
1038 3038 1242 3099 taciti!
1286 3038 1457 3097 cuius
1481 3035 1725 3097 fallacia
1744 3034 1931 3093 verba

650 3120 788 3179 Non
815 3119 1084 3181 audituri
1108 3122 1427 3200 diripuere
1448 3120 1611 3181 Noti.

567 3205 652 3264 At
671 3203 822 3263 mihi
843 3221 968 3262 non
991 3204 1200 3264 oculos
1224 3208 1544 3283 quisquam
1564 3202 1911 3263 inclamavit
1934 3202 2168 3261 euntis:

649 3288 851 3348 Unum
878 3286 1286 3367 inpetrassem
1307 3295 1372 3347 te
1395 3292 1725 3347 revocante
1748 3284 1945 3345 diem:

461 3379 530 3429 25
572 3371 702 3431 Nec
731 3372 975 3450 crepuit
992 3372 1136 3429 fissa
1157 3390 1254 3429 me
1277 3378 1537 3451 propter
1560 3369 1905 3431 harundine
1930 3375 2154 3447 custos,

643 3454 857 3536 Laesit
879 3460 944 3513 et
965 3453 1272 3513 obiectum
1293 3454 1501 3531 tegula
1523 3460 1697 3514 curta
1719 3459 1918 3534 caput.
