2592 3867
587 202 972 265 LIBER
1055 202 1821 285 1v‚17,18‚19,20,21.
2078 206 2161 272 81

409 372 526 432 Est
546 372 665 431 tibi
685 370 886 430 forma
905 376 1150 451 potens,
1173 376 1319 429 sunt
1340 376 1545 431 castae
1563 370 1835 433 Palladis
1856 380 2045 453 artes,

298 519 311 532 ,
495 452 959 536 Splendidaque
980 474 1017 513 a
1039 452 1222 513 docto
1241 454 1405 513 fama
1424 452 1701 533 refulget
1720 476 1851 534 avo,

409 537 756 609 Fortunata
775 537 1012 615 domus,
1035 535 1218 598 modo
1241 538 1327 597 sit
1344 538 1463 597 tibi
1484 537 1643 599 fidus
1666 540 1911 602 unicus.

303 630 372 681 10
492 621 697 685 Fidus
709 640 852 682 ero·
893 624 960 681 in
979 626 1230 681 nostros
1253 638 1459 701 curre,
1482 620 1714 704 puella,
1735 629 1926 697 toros.

261 750 378 848 2⁰
408 750 551 849 Nox
585 788 736 848 mibi
767 790 969 869 prima
1000 792 1202 851 venit:
1240 792 1479 872 primae
1519 788 1662 849 date
1696 796 1981 871 tempora
2012 758 2159 853 noc-

491 956 762 1034 Longius
781 956 849 1014 in
869 957 1092 1035 primo,
1119 955 1313 1034 Luna,
1340 874 1585 1016 giam
1606 962 1783 1017 toro:
2092 884 2161 1021 ἒξ

413 1040 514 1099 Tu
536 1056 804 1118 quoque,
828 1040 934 1117 qui
957 1040 1221 1099 aestivos
1245 1040 1575 1120 spatiosius
1597 1040 1793 1117 exigis
1816 1042 2013 1119 ignes,
2090 1052 2156 1104 11

491 1122 770 1201 Phoebe,
792 1130 1144 1183 moraturae
1165 1124 1465 1183 contrahe
1484 1121 1645 1182 lueis
1664 1124 1809 1185 iter.
2090 1134 2159 1185 12

333 1216 367 1268 5
406 1205 696 1267 Foedera
721 1210 864 1266 sunt
884 1206 1174 1287 ponenda
1193 1208 1367 1287 prius
1390 1205 1810 1286 signandaque
1830 1208 1968 1267 iura
2095 1218 2159 1270 15

489 1290 574 1351 Et
595 1289 926 1351 scribenda
948 1291 1100 1351 mihi
1121 1290 1222 1351 lex
1239 1292 1309 1351 in
1332 1308 1541 1351 amore
1562 1309 1739 1351 novo.
1878 1316 1885 1321 ·

407 1374 581 1435 Haec
602 1376 794 1435 Amor
813 1374 952 1455 ipse
975 1394 1086 1435 suo
1111 1376 1499 1455 constringet
1518 1376 1780 1455 pignera
1800 1376 2009 1453 signo:

491 1458 702 1519 Testis
724 1456 1007 1519 sidereae
1027 1464 1162 1519 tota
1182 1477 1413 1519 corona
1432 1458 1604 1520 deae.

410 1542 602 1619 Quam
621 1540 856 1602 multae
877 1548 1020 1602 ante
1041 1544 1198 1603 meis
1221 1542 1451 1603 cedent
1470 1543 1857 1603 sermonibus
1882 1542 2096 1621 horae,

298 1634 370 1688 10
485 1623 706 1685 Dulcia
728 1643 907 1703 quam
927 1628 1108 1685 nobis
1131 1628 1405 1685 concitet
1426 1645 1592 1685 arma
1612 1626 1857 1687 Venus!
2089 1634 2159 1686 20

407 1709 685 1787 Namque
707 1709 814 1767 ubi
834 1727 960 1768 non
983 1713 1158 1768 certo
1180 1708 1449 1767 vincitur
1469 1708 1735 1768 foedere
1754 1706 1981 1787 lectus,

490 1790 629 1851 Non
650 1793 842 1851 habet
859 1790 1098 1851 ultores
1120 1810 1242 1850 nox
1260 1789 1569 1869 vigilanda
1592 1790 1765 1869 deos,
1942 1842 1947 1849 .

409 1875 492 1936 Et
515 1876 736 1953 quibus
757 1875 1051 1956 inposuit,
1083 1873 1266 1935 solvit
1285 1894 1427 1935 mox
1446 1873 1651 1935 vinela
1669 1872 1897 1934 libido:

493 1959 870 2019 Contineant
885 1960 1068 2020 nobis
1088 1959 1294 2018 omina
1314 1960 1512 2040 prima
1532 1957 1741 2019 fldem.

303 2053 372 2105 15
411 2043 602 2121 Ergo,
627 2044 733 2121 qui
753 2049 964 2124 pactas
987 2044 1054 2103 in
1075 2040 1337 2113 foedera
1356 2044 1603 2124 ruperit
1622 2061 1781 2119 aras,
1831 2060 1835 2065 ·
2048 2116 2053 2119 Ι
2088 2049 2155 2103 25

487 2124 920 2207 Pollueritque
941 2146 1098 2187 novo
1123 2146 1296 2187 saera
1316 2128 1537 2187 marita
1555 2132 1717 2204 toro,

410 2208 513 2271 nli
541 2212 667 2271 sint
689 2212 1058 2291 quicumque
1081 2210 1290 2271 solent
1314 2212 1381 2271 in
1403 2230 1613 2273 amore
1638 2208 1912 2287 dolores,

486 2296 573 2355 Et
592 2300 776 2376 eaput
796 2301 1047 2375 argutae
1067 2297 1374 2376 praebeat·
1389 2296 1709 2371 historiae,

406 2378 538 2439 Nec
557 2379 736 2439 flenti
759 2378 1040 2440 dominae
1058 2378 1362 2461 ‘patefiant
1382 2386 1567 2441 noete
1590 2380 1939 2441 fenestrae:

297 2472 370 2523 20
490 2462 752 2541 Semper
773 2470 956 2541 amet,
976 2464 1188 2522 fructu
1209 2481 1457 2541 semper
1480 2464 1705 2523 amoris
1727 2480 1937 2540 egens.
2085 2470 2156 2523 30

259 2594 365 2688 21
403 2592 704 2705 Magnum
723 2626 850 2685 iter
874 2625 952 2686 ad
975 2624 1186 2686 doctas
1206 2626 1521 2706 proficisci
1544 2644 1732 2727 cogor
1753 2627 2050 2704 Athenas,

487 2712 578 2771 Ut
595 2728 694 2770 me
714 2708 903 2788 longa
925 2711 1094 2789 gravi
1116 2708 1317 2770 solvat
1337 2726 1544 2769 amore
1556 2710 1679 2772 via.

363 2780 658 2855 Crescit
679 2795 846 2854 enim
872 2793 1119 2855 assidue
1139 2792 1477 2876 spectando
1502 2812 1651 2853 eura
1672 2790 1951 2874 puellae.

485 2878 625 2959 Ipse
647 2876 937 2939 alimenta
957 2880 1078 2939 sibi
1097 2880 1355 2939 maxima
1372 2879 1639 2958 praebet
1658 2896 1845 2937 amor.

333 2972 366 3023 5
411 2962 630 3023 Omnia
648 2968 796 3023 sunt
815 2968 1114 3044 temptata
1133 2964 1306 3040 mihi,
1332 2980 1712 3041 quacumque
1730 2961 1933 3040 fugari

490 3047 729 3107 Possit:
773 3052 836 3107 at
857 3066 934 3107 ex
956 3049 1118 3108 omni
1145 3064 1244 3107 me
1267 3048 1499 3126 premit
1516 3047 1653 3127 ipse
1676 3044 1846 3107 deus.

408 3128 528 3191 Vix
550 3136 754 3191 tamen
776 3137 880 3191 aut
899 3130 1095 3191 semel
1117 3129 1407 3208 admittit,
1431 3150 1567 3192 eum
1586 3148 1773 3212 saepe
1794 3130 2070 3210 negavit:

492 3212 617 3273 Seu
637 3216 827 3293 venit,
852 3222 1129 3277 extremo
1153 3214 1384 3275 dormit
1404 3216 1623 3275 amicta
1642 3221 1802 3276 toro.

408 3297 613 3356 Unum
635 3300 759 3358 erit
781 3300 1098 3361 auxilium:
1143 3300 1392 3359 mutatis
1416 3300 1683 3378 Cynthia
1704 3298 1895 3359 terris

305 3389 374 3441 10
500 3380 808 3457 Quantum
829 3382 1044 3462 oculis,
1067 3384 1266 3443 animo
1288 3388 1415 3441 tam
1434 3382 1653 3462 procul
1673 3382 1792 3441 ibit
1808 3396 1995 3439 amor.

409 3464 586 3524 Nunc
609 3465 794 3544 agite,
817 3485 854 3525 o
877 3468 1050 3545 socii,
1071 3464 1413 3547 propellite
1430 3468 1499 3525 in
1522 3482 1791 3542 aequora
1810 3478 2044 3537 navem,

327 3548 738 3611 Pnorusnus.
1704 3553 1739 3605 6
