2592 3867
754 194 867 255 L.1
905 192 952 288 B
993 194 1042 254 E
1086 194 1140 255 R
1216 194 1318 273 IV,
1362 200 1453 275 10,
1495 204 1583 274 11,
1626 204 1711 256 12
2102 194 2183 259 73

446 362 882 443 Nigrantisque
905 360 1120 421 domos
1141 362 1476 421 animarum
1494 362 1760 423 intrasse
1782 360 2093 442 silentum,

531 446 824 507 Sirenum.
839 443 1026 506 surdo
1049 445 1286 523 remige
1310 442 1511 503 adisse
1530 441 1724 522 laeua,

338 534 405 593 35
447 531 531 590 Et
550 534 800 590 veteres
821 546 998 591 arcus
1019 526 1152 587 leto
1175 544 1507 587 renovasse
1531 545 1882 606 procorum,

525 614 903 692 Errorisque
926 612 1134 672 suisio
1155 612 1445 671 statuisse
1467 608 1729 671 modum.

445 697 574 759 Nec
600 698 851 775 frustra,
877 696 1018 775 quia
1039 700 1208 756 easta
1229 692 1394 754 domi
1414 688 1785 772 persederat
1804 713 1977 757 uxor.

524 779 1104 859 Vincitl’enelopes
1125 776 1308 840 Aelia
1330 774 1511 839 Galla
1529 775 1735 837 fidem.

303 913 410 1007 12
444 911 785 1023 Quaeritis,
805 945 972 1005 unde
995 943 1188 1004 avidis
1207 963 1331 1003 nox
1350 946 1433 1003 sit
1448 904 1727 1022 pretiosa
1744 940 1991 1022 puellis,
2073 907 2178 1001 13

524 1031 609 1089 Et
627 1029 880 1091 Venere
903 1028 1234 1087 exhaustae
1257 1026 1475 1086 damna
1498 1032 1835 1105 querantur
1858 1044 2026 1105 opes,

445 1113 635 1173 Certa
658 1110 908 1191 quidem
927 1112 1116 1171 tantis
1139 1129 1319 1170 causa
1340 1116 1407 1169 et
1426 1110 1751 1169 manifesta
1768 1110 1996 1169 ruinis:

522 1196 828 1257 Luxuriae
845 1196 1100 1254 nimium
1118 1192 1324 1253 libera
1341 1194 1507 1252 facta
1526 1193 1625 1252 via
1646 1198 1762 1253 est.

369 1286 402 1339 5
444 1278 595 1339 Inda
619 1280 780 1339 cavis
803 1298 1015 1339 aurum
1034 1279 1226 1337 mittit
1244 1278 1505 1337 formica
1522 1271 1818 1352 metalliS,

523 1364 606 1425 Et
623 1364 795 1423 venit
817 1382 852 1423 e
876 1364 1064 1422 rubro
1089 1362 1324 1421 concha
1342 1360 1614 1439 Erycina
1634 1358 1785 1436 salo,

439 1446 525 1512 Et
546 1445 752 1525 Tyrus
775 1448 1044 1506 ostrinos
1065 1446 1328 1525 praebet
1350 1444 1619 1506 Cadmea
1640 1442 1905 1521 colores,

526 1530 866 1589 Ginnamon
890 1535 956 1588 et
975 1526 1157 1588 multi
1175 1534 1389 1608 pastor
1412 1525 1623 1588 odori·
1645 1527 1862 1586 Arabs,

440 1611 613 1671 Haec
637 1614 822 1671 etiam
844 1610 1082 1671 clausas
1105 1616 1455 1689 expugnant
1477 1630 1643 1669 arma
1662 1608 1936 1688 pudicae,

335 1704 404 1756 10
454 1710 456 1712 ’
531 1695 824 1772 Quaeque
849 1700 1074 1771 gerunt
1085 1692 1309 1769 fastus,
1340 1692 1611 1769 Icarioti,
1632 1698 1806 1753 tuos:

439 1776 731 1837 Matrona
751 1775 987 1836 incedit
1009 1793 1229 1835 censu·
1250 1774 1467 1834 induta
1482 1781 1777 1853 nepotum
1870 1836 1872 1839 Α

521 1856 607 1920 Et
627 1857 829 1939 spolia
850 1859 1172 1939 opprobrii
1192 1864 1406 1917 nostra
1424 1876 1541 1937 per
1566 1876 1675 1917 ora
1693 1859 1905 1919 trahit.

439 1939 627 2003 Nulla
647 1949 746 2003 est
763 1942 1085 2023 poscendi,
1107 1938 1282 2002 nulla
1306 1948 1403 2001 est
1422 1942 1778 2001 reverentia
1799 1938 2005 2019 dandi,
2127 1989 2132 1993 .

524 2027 650 2086 Aut
674 2028 727 2086 si
751 2046 870 2105 qua
891 2032 1009 2103 est,
1033 2027 1241 2105 pretio
1261 2021 1509 2086 tollitur
1534 2024 1669 2103 ipra
1686 2043 1877 2086 mora.
2002 2075 2005 2078 .

333 2117 399 2169 15
439 2105 622 2171 Felix
641 2111 791 2171 Eois
811 2109 914 2170 lex
936 2110 1176 2169 funeris
1197 2128 1320 2168 una
1340 2110 1597 2186 mai-itin,
1712 2150 1723 2155 -
1794 2183 1801 2189 .

527 2193 693 2269 Quos
713 2195 957 2254 Aurora
977 2194 1104 2253 suls
1130 2193 1319 2252 rubra
1342 2191 1578 2253 colorat
1598 2193 1794 2271 equis.

435 2274 711 2355 Namque
733 2278 835 2337 ubi
857 2276 1182 2338 mortifero
1209 2278 1372 2336 iacta
1393 2281 1491 2335 est
1508 2276 1611 2335 fax
1630 2274 1848 2335 ultima
1864 2272 2054 2353 lecto,

517 2360 790 2421 Uxorum
811 2360 966 2421 fusis
989 2365 1114 2420 stat
1131 2361 1236 2439 pia
1252 2360 1438 2420 turba
1458 2360 1668 2437 comis,

435 2442 520 2503 Et
541 2450 856 2505 certamen
873 2446 1109 2504 habent
1129 2442 1266 2520 leti,
1291 2461 1447 2519 quae
1472 2444 1605 2503 viva
1628 2448 1923 2521 aequatur

329 2531 401 2586 20
523 2526 919 2601 Coniugium:
963 2524 1164 2603 pudor
1189 2531 1288 2583 ent
1306 2543 1430 2583 non
1450 2522 1705 2583 licuisse
1728 2526 1905 2583 mori.

437 2606 684 2684 Ardent
703 2607 992 2666 victrices
1015 2612 1082 2665 et
1101 2608 1379 2665 flammae
1398 2612 1657 2684 pectora
1676 2606 2001 2685 praebent,

519 2690 950 2771 Inponuntque
973 2690 1098 2749 suis
1123 2708 1231 2748 ora
1249 2693 1505 2767 perusta
1526 2688 1693 2748 viriS.

437 2774 561 2833 Hic
582 2792 774 2852 genus
795 2772 1052 2833 infidum
1071 2777 1418 2853 nuptarum,
1448 2772 1551 2830 hic
1572 2768 1746 2829 nulla
1768 2768 1976 2851 puella

515 2854 646 2917 Nec
666 2856 792 2917 fida
811 2855 1066 2919 Euadne
1085 2874 1202 2915 nec
1223 2857 1328 2936 pia
1346 2853 1684 2933 Penelope.

329 2948 397 3002 25
437 2938 620 3002 Felix
643 2946 952 3020 agrestum
974 2939 1280 3019 quondam
1298 2944 1517 3019 pacata
1535 2939 1842 3015 iuventus,

515 3026 782 3086 Divitiae
805 3044 1066 3103 quorum
1082 3025 1303 3084 mensis
1326 3027 1393 3082 et
1416 3024 1601 3082 arbor
1622 3026 1818 3081 erant.

434 3106 565 3167 mis
585 3127 804 3169 munus
831 3114 966 3167 erat
988 3106 1247 3167 decussa
1267 3104 1547 3184 Cydonia
1566 3124 1735 3165 ramo

517 3190 602 3251 Et
623 3190 772 3251 dare
793 3192 1072 3271 punicei·
1098 3188 1282 3269 plena
1307 3190 1573 3249 canistra
1593 3190 1789 3267 rubia,

435 3272 610 3334 Nunc
630 3271 827 3334 violas
845 3273 1112 3334 tondere
1133 3291 1335 3350 manu,
1356 3276 1518 3333 nunc
1540 3268 1727 3333 mixta
1744 3270 1992 3331 referre

332 3363 402 3418 30
522 3353 685 3417 Lilia
705 3358 1014 3434 virgineos
1033 3354 1239 3416 lucida
1257 3374 1377 3435 per
1399 3352 1695 3431 calathos,

434 3440 518 3501 Et
535 3445 791 3521 portare
815 3442 938 3507 uuis
958 3442 1214 3501 vestitas
1234 3437 1560 3500 frondibus
1581 3455 1725 3497 uvas
