2592 3867
412 198 495 265 14
1005 198 1733 279 PROPERTII

577 370 664 431 At
683 386 808 428 non
829 370 920 429 sie
940 368 1135 429 Ithaci
1159 366 1443 447 digressu
1464 374 1631 427 mota
1649 367 1917 449 Calypso

469 463 540 515 10
661 453 947 513 Desertis
971 449 1119 513 olim
1141 453 1404 512 fleverat
1426 454 1828 531 aequoribus:

576 536 816 598 Multos
835 536 948 598 illa
969 536 1104 597 dies
1125 536 1457 614 incomptis
1478 543 1710 595 maesta
1734 536 1971 617 capillis

660 620 946 698 Sederat,
968 621 1194 679 iniusto
1215 618 1407 678 multa
1422 618 1628 678 locuta
1647 620 1797 696 salo,

575 705 662 767 Et
681 705 952 783 quamvis
973 721 1303 781 numquam
1324 710 1467 781 post
1487 704 1642 761 haec
1664 702 1868 762 visura
1890 703 2147 767 dolebat

656 787 768 848 111⁸
785 792 995 855 tamen
1013 786 1236 864 longae
1260 788 1508 847 conscia
1524 784 1821 847 laetitiae.

464 881 531 932 15
571 872 703 931 Nec
725 872 816 931 sic
838 869 1198 931 Aesoniden
1220 872 1605 951 rapientibus
1626 872 1803 930 anxia
1823 874 2024 933 ventis

655 953 1006 1036 Hypsipyle
1025 974 1213 1015 vacuo
1238 956 1519 1015 constitit
1538 956 1605 1014 in
1626 953 1927 1016 thalamo:

574 1039 924 1121 Hypsipyle
947 1038 1151 1115 nullos
1169 1046 1316 1120 post
1336 1038 1477 1100 illos
1500 1040 1697 1099 sensit
1718 1058 1979 1119 amores,

653 1124 741 1184 Ut
761 1124 959 1186 semel
977 1125 1323 1184 Haemonio
1344 1124 1545 1182 tabuit
1564 1125 1854 1202 hospitio.

574 1206 997 1286 Alphesiboea
1019 1222 1162 1265 suos
1183 1205 1315 1263 ulta
1336 1214 1435 1264 est
1453 1226 1569 1284 pro
1592 1208 1854 1285 coniuge
1875 1207 2126 1285 fratres,

462 1299 532 1351 20
655 1290 981 1367 Sanguinis
1006 1294 1071 1347 et
1093 1289 1221 1347 cari
1242 1288 1484 1347 vincula
1506 1290 1675 1369 rupit
1696 1309 1885 1351 amor.

573 1374 866 1449 Coniugis
887 1372 1146 1435 Euadne
1164 1373 1437 1431 miseros·
1448 1370 1611 1431 elata
1629 1390 1747 1451 per
1764 1374 1945 1451 ignes

656 1456 922 1535 Occidit,
949 1458 1213 1533 Argivae
1235 1455 1396 1514 fama
1416 1455 1772 1535 pudicitiae.

573 1541 841 1619 Quarum
863 1540 1031 1601 nulla
1049 1547 1188 1599 tuos
1209 1540 1415 1619 potuit
1438 1546 1805 1600 convertere
1828 1558 2054 1619 mores,

655 1624 755 1685 Tu
780 1642 1024 1704 quoque
1047 1624 1139 1683 uti
1159 1624 1349 1683 fieres
1372 1623 1597 1684 nobilis
1618 1626 1897 1685 historia.

459 1716 526 1771 25
570 1708 802 1769 Desine
825 1711 944 1768 iam
967 1721 1262 1769 revocare
1283 1708 1407 1767 tuis
1427 1710 1705 1787 periuria
1726 1710 1953 1786 verbiS,

653 1794 943 1873 Cynthia,
967 1800 1033 1853 et
1055 1790 1282 1852 oblitos
1306 1810 1493 1873 parce
1518 1812 1767 1853 movere
1790 1792 1963 1872 deos,

570 1877 786 1938 Audax
809 1880 886 1937 ah
910 1879 1164 1937 nimium
1184 1884 1399 1936 nostro
1426 1876 1694 1937 dolitura
1712 1875 1977 1955 periclo,

655 1962 722 2021 Si
747 1962 896 2041 quid
911 1963 1081 2021 forte
1103 1962 1218 2019 tibi
1243 1959 1455 2019 durius
1478 1960 1787 2020 inciderit.

568 2044 745 2103 Muta
764 2047 937 2123 prius
959 2051 1128 2103 vasto
1146 2042 1437 2103 labentur
1456 2046 1706 2105 flumina
1726 2050 1940 2123 ponto,

457 2138 529 2193 30
649 2129 864 2187 Annus
887 2133 954 2187 et
973 2129 1250 2188 inversas
1271 2128 1521 2188 duxerit
1546 2134 1688 2187 ante
1712 2128 1897 2205 vice-s,

568 2212 761 2287 Quam
783 2218 888 2272 tua
910 2213 1020 2271 sub
1044 2219 1258 2272 nostro
1281 2219 1554 2272 mutetur
1572 2218 1832 2292 pectore
1859 2232 2039 2272 cura:
2144 2246 2150 2251 ·

645 2294 744 2355 Sis
771 2295 1197 2375 quodcumque
1221 2295 1415 2371 voles,
1436 2314 1562 2356 non
1584 2295 1785 2355 aliena
1804 2303 2031 2357 tamen.

563 2378 717 2440 Nam
739 2382 890 2439 mihi
910 2398 990 2440 ne
1009 2380 1162 2440 viles
1181 2381 1290 2439 isti
1310 2376 1635 2440 videantur
1658 2378 1868 2458 ocelli,

646 2464 769 2525 Per
795 2484 948 2544 quos
971 2482 1158 2544 saepe
1181 2466 1333 2524 mihi
1356 2462 1593 2525 credita
1613 2463 1878 2543 perfidia
1900 2466 2027 2524 est!

453 2558 521 2611 35
565 2548 698 2609 Hos
726 2557 793 2609 tu
815 2552 1080 2627 iurabas,
1105 2550 1157 2609 si
1180 2546 1329 2629 quid
1350 2551 1609 2609 mentita
1629 2550 1878 2625 fuisseS,

644 2634 734 2695 Ut
751 2636 868 2695 tibi
891 2634 1225 2715 suppositis
1249 2633 1613 2694 exciderent
1633 2636 1943 2694 manibus:

559 2718 644 2779 Et
665 2726 880 2780 contra
901 2738 1181 2800 magnum
1202 2724 1383 2796 potes
1406 2718 1519 2777 hos
1548 2718 1838 2779 attollere
1860 2716 2076 2795 solem,

640 2802 772 2863 Nec
795 2805 1010 2863 tremis
1034 2800 1333 2861 admissae
1357 2803 1602 2859 conscia
1622 2803 1938 2881 nequitiae
1953 2803 1985 2859 ‘3

560 2886 710 2961 Quis
733 2892 798 2945 te
823 2888 1081 2965 cogebat
1102 2881 1326 2943 multos
1346 2881 1587 2963 pallere
1612 2882 1857 2943 colores

346 2975 349 2979 ’
449 2977 520 3031 40
597 2962 602 2967 ’
640 2969 725 3029 Et
746 2970 961 3031 fletum
982 2970 1190 3031 invitis
1213 2966 1442 3026 ducere
1464 2963 1851 3026 luminibus?

561 3053 712 3129 Quis
733 3071 849 3131 ego
873 3074 1036 3113 nunc
1055 3072 1247 3133 pereo
1273 3048 1509 3112 similes
1530 3052 1873 3112 moniturus
1896 3057 2169 3113 amantes

641 3138 720 3197 ²0
744 3136 929 3198 nullis
952 3145 1150 3198 tutum
1173 3135 1437 3195 credere
1458 3133 1825 3198 blanditiis!

417 3272 524 3365 16
562 3270 738 3373 Quae
760 3308 1000 3366 fueram
1021 3306 1254 3381 magnis
1279 3304 1428 3365 olim
1453 3305 1764 3386 patefacta
1786 3304 2136 3385 triumphiS,

641 3389 823 3450 Ianua
847 3389 1155 3467 Tarpeiae
1176 3394 1323 3447 nota
1342 3389 1701 3468 pudicitiae,

561 3474 749 3533 Cuius
778 3474 1040 3533 inaurati
1065 3471 1462 3533 celebrarunt
1480 3474 1693 3535 limina
1716 3493 1953 3551 currus,

2252 966 2321 1019 18

2254 1048 2321 1102 19

2249 1205 2315 1267 15

2250 1298 2317 1353 16

2247 1383 2316 1434 21
