2592 3867
773 181 1743 267 LIBERIII,28,29‚30.
2130 188 2213 254 53

329 394 441 489 30
475 394 604 499 Qui
623 429 816 508 videt,
837 431 891 491 is
912 435 1163 511 peccat:
1212 409 1317 509 qui
1338 437 1405 490 te
1426 450 1553 492 non
1572 432 1801 495 viderit
1824 455 1995 517 ergo,
2098 403 2209 498 32
2232 500 2243 512 ,

492 522 496 526 ’
543 512 684 573 Non
706 516 947 597 cupiet:
989 514 1142 574 facti
1163 514 1421 575 crimina
1438 514 1653 577 lumen
1672 519 1878 581 habet.

465 597 620 659 Nm
641 597 790 676 quid
810 598 1138 658 Praenesti
1157 596 1397 677 dubias,
1424 619 1461 659 o
1484 600 1773 679 Cynthia,
1798 609 2022 683 sortes,

548 680 712 758 Quid
729 684 894 763 petis
915 682 1109 743 'Aeaei
1129 683 1374 742 moenia
1397 682 1749 762 Telegoni?

391 775 423 826 5
469 766 670 827 curve
689 772 757 826 te
778 768 846 827 in
866 764 1247 827 Herculeum
1269 765 1606 847 deportant
1628 767 1848 829 esseda
1871 770 2070 831 Tibur
2083 770 2115 830 2

545 850 749 930 Appia
771 870 880 911 eur
899 852 1132 910 totiens
1155 857 1220 910 te
1239 852 1338 909 via
1359 850 1530 911 ducit
1552 871 1699 912 anus
1715 853 1747 911 *ἓ

463 933 603 993 Hoc
622 934 856 993 utinam
877 934 1150 1012 spatiere
1171 932 1335 1012 loco,
1360 932 1787 1013 quodcumque
1810 938 2071 1014 vacabis,

547 1016 848 1095 Cynthia!
891 1035 1032 1075 nam
1051 1016 1168 1075 tibi
1191 1034 1288 1080 me
1314 1015 1577 1076 credere
1600 1018 1781 1077 turba
1801 1024 1989 1097 vetat,
2080 1082 2089 1091 ,

467 1100 623 1161 Cum
647 1097 821 1159 videt
842 1100 1117 1159 accensis
1141 1099 1425 1159 devotam
1448 1112 1703 1161 currere
1724 1100 1925 1161 taedis

359 1191 430 1245 10
550 1184 622 1243 In
642 1201 856 1243 nemus
878 1188 944 1242 et
967 1183 1218 1256 Triviae
1237 1182 1471 1242 lumina
1488 1184 1661 1243 ferre
1686 1183 1859 1251 dese.

465 1265 724 1328 Scilicet
744 1268 1050 1327 umbrosis
1076 1265 1292 1327 sordet
1311 1266 1609 1346 Pompeia
1631 1264 1931 1327 columnis

545 1350 831 1411 Porticus
855 1350 1084 1411 aulaeis
1106 1348 1337 1411 nobilis
1357 1348 1665 1429 Attalicis,

461 1434 545 1494 Et
566 1435 794 1495 creber·
818 1433 1084 1513 platanis
1111 1436 1350 1513 puriter
1372 1436 1766 1513 surgentibus
1788 1434 1966 1514 ordo,

542 1516 826 1577 Flumina
847 1518 1048 1596 sopito
1071 1537 1350 1597 quaeque
1372 1518 1615 1578 Anione
1636 1517 1882 1595 cadunt,

359 1608 424 1661 15
467 1600 597 1659 Tot
612 1598 838 1661 leviter
859 1599 1128 1678 lymphis
1148 1607 1282 1661 tota
1304 1602 1749 1680 crepitantibus
1770 1602 1927 1661 urbe

547 1682 702 1743 Cum
726 1684 927 1742 subito
953 1683 1180 1751 Triton
1204 1702 1315 1742 ore
1336 1682 1625 1743 recondit
1648 1704 1879 1762 aquam.

459 1762 752 1843 Falleris,
773 1766 894 1824 ista
913 1765 1258 1825 tui-furtum
1277 1767 1377 1825 via
1396 1772 1698 1825 monstrat
1719 1766 1972 1825 amoris:

541 1848 600 1909 N
601 1868 682 1908 on
703 1850 943 1925 urbem,
965 1847 1243 1927 demens,
1262 1848 1498 1909 lumina
1517 1854 1731 1908 nostra
1750 1848 1945 1926 fugis:

461 1931 567 1994 Nil
593 1934 743 2011 agis,
763 1931 1019 1993 insidias
1040 1934 1112 1993 in
1126 1951 1225 1993 me
1248 1933 1565 2013 componis
1586 1932 1823 2009 inanes,

354 2025 427 2078 20
554 2015 792 2077 Tendis
813 2017 985 2076 iners
1008 2015 1195 2078 docto
1216 2017 1379 2077 retia
1402 2021 1549 2075 nota
1570 2016 1739 2077 mihi.

462 2099 590 2161 Sed
611 2100 690 2160 de
713 2118 812 2159 me
833 2100 1034 2161 minus
1058 2105 1185 2160 est:
1227 2100 1428 2160 famae
1448 2100 1683 2159 iactura
1706 2097 1966 2179 pudicae
2002 2178 2006 2182 Ι

546 2183 748 2243 Tanta
767 2184 884 2243 tibi
905 2185 1191 2262 miserae,
1217 2190 1443 2263 quanta
1465 2184 1750 2261 meter-is,
1774 2185 1916 2245 erit.

461 2267 675 2347 Nuper
701 2267 864 2327 enim
887 2266 966 2327 de
988 2273 1054 2327 te
1075 2274 1319 2328 nostras
1339 2286 1438 2327 me
1458 2265 1655 2327 laedit
1681 2263 1759 2327 ad
1780 2282 1961 2327 aures

541 2351 773 2412 Rumor
797 2357 862 2411 et
889 2351 957 2411 in
978 2357 1108 2412 tota
1133 2371 1258 2421 non
1278 2353 1478 2413 bonus
1499 2353 1657 2413 urbe
1676 2351 1815 2413 fuit.

353 2442 420 2495 25
466 2433 594 2494 Sed
613 2440 684 2495 tu
703 2454 830 2493 non
853 2432 1046 2494 debes
1068 2436 1354 2494 inimicae
1376 2433 1641 2495 credere
1662 2432 1941 2511 lingusez

543 2517 805 2596 Semper
827 2517 1116 2575 formosis
1133 2515 1345 2576 fabula
1362 2536 1565 2595 poena
1584 2518 1723 2576 fuit.

459 2600 600 2660 Non
623 2605 728 2658 tua
755 2593 1064 2676 deprenso
1089 2598 1371 2657 damnata
1397 2604 1496 2657 est
1514 2598 1677 2657 fama
1695 2616 1967 2657 veneno:

546 2682 759 2743 Testis
782 2682 909 2741 eris
929 2699 1136 2761 puras,
1164 2681 1443 2759 Phoebe,
1463 2678 1680 2740 videre
1702 2699 1932 2742 manus.

463 2764 576 2826 Sin
597 2771 802 2826 autem
820 2764 1006 2843 longo
1030 2783 1150 2825 nox
1167 2784 1290 2825 una
1310 2771 1415 2825 sut
1437 2761 1638 2824 altera
1655 2763 1805 2824 luxu

350 2858 422 2914 30
545 2849 923 2928 Consumpta
943 2853 1061 2925 est,
1083 2867 1210 2908 non
1231 2866 1331 2907 me
1354 2850 1611 2911 crimina
1629 2867 1819 2927 parva
1836 2853 2101 2911 movent.

461 2932 772 3013 Tyndaris
793 2937 1052 2993 externo
1073 2934 1339 3013 patriam
1358 2933 1615 2992 mutavit
1636 2950 1843 2991 umore

539 3018 623 3079 Et
645 3018 780 3077 sine
803 3015 1060 3076 decreto
1080 3018 1214 3075 viva
1234 3014 1494 3076 reducta
1515 3013 1762 3074 domum
1783 3021 1898 3077 est.

460 3099 598 3181 Ipsa
615 3100 828 3163 Venus
853 3100 1122 3179 quamvis
1146 3105 1439 3179 corrupta
1458 3097 1719 3158 libidine
1742 3098 1968 3159 Martis

540 3183 676 3244 Non
697 3186 898 3245 minus
919 3185 985 3242 in
1010 3180 1180 3243 caelo
1204 3201 1452 3261 semper
1474 3184 1739 3243 honesta
1758 3182 1901 3259 fuit,
2016 3200 2025 3209 ·

351 3273 422 3330 35
466 3268 750 3343 Quamvis
770 3266 880 3328 Idu
897 3267 1104 3329 Parim
1124 3272 1439 3344 pastorem
1463 3265 1632 3327 dicat
1654 3281 1888 3324 amasse

540 3350 748 3428 Atque
768 3351 937 3411 inter
959 3347 1235 3430 pecudes
1258 3349 1616 3410 accubuisse
1643 3347 1839 3407 deam.
1974 3406 1983 3413 ,

457 3434 597 3494 Hoc
621 3438 686 3493 et
709 3432 1206 3518 Hamadryadum
1227 3434 1531 3514 spectavit
1546 3430 1733 3509 turba
1756 3441 2039 3487 sororum
