2592 3867
487 189 570 255 18
1086 185 1826 249 PROPERTII

453 436 456 441 Ι
581 368 613 418 5
655 356 714 416 N
717 376 798 416 on
823 356 977 416 adeo
999 354 1227 416 leviter
1248 357 1483 416 nostris
1504 373 1662 436 puer
1683 357 1889 417 haesit
1908 356 2168 440 ocellis‚·

735 438 824 501 Ut
847 436 1242 507 meusoblito
1263 437 1467 519 pulvis
1490 458 1700 501 more
1722 447 1917 504 vacet.

652 522 790 585 mie
811 521 1188 603 Pnylaeide·
1215 522 1522 582 ineundae
1546 526 1825 603 coniugis
1846 526 2037 585 heros

733 607 791 668 N
792 626 872 668 on
891 608 1104 688 potuit
1121 606 1323 665 caeeis
1344 606 1647 665 inmemor
1670 623 1811 665 esse
1832 607 2010 686 loeis,

653 690 782 752 Sed
805 689 1064 769 cupidus
1085 687 1262 748 falsis
1285 689 1597 767 attingere
1620 688 1840 767 gaudia
1859 689 2079 769 palmis

547 786 615 837 10
741 771 1066 833 Thessalis
1089 774 1404 851 antiquam
1424 779 1683 833 venerat
1702 775 1921 834 umbra
1944 773 2208 839 domum.

647 857 784 919 Illic
809 855 1106 937 quiequid
1127 874 1262 935 ero,
1286 874 1537 937 semper
1555 862 1663 917 tua
1684 855 1857 917 dicar
1874 858 2109 936 imago:

731 942 976 1002 Traicit
995 946 1063 1002 et
1087 941 1203 1001 fati
1222 939 1416 1003 litora
1435 960 1689 1021 magnus
1712 961 1901 1003 amor.

649 1026 790 1088 Illic
813 1026 1122 1087 formosae
1146 1028 1401 1087 veniant
1422 1021 1648 1087 chorus
1670 1028 1992 1104 heroine,

733 1113 898 1187 Quas
923 1110 1100 1171 dedit
1124 1111 1371 1190 Argivis
1392 1108 1677 1171 Dardana
1695 1109 1933 1190 praeda
1954 1111 2137 1185 viris3

544 1204 608 1257 15
655 1197 926 1272 Quarum
947 1194 1115 1253 nulla
1135 1200 1241 1252 tua
1261 1194 1457 1253 fuerit
1476 1194 1649 1270 mihi,
1674 1194 1963 1273 GynthIa,
1983 1195 2183 1255 forma

733 1278 988 1337 Gratior
1010 1281 1077 1336 et
1098 1274 1323 1336 Tellus
1342 1277 1463 1335 hoo
1482 1278 1573 1335 ita
1591 1276 1753 1336 iusta
1774 1278 1955 1337 sinat.

649 1362 934 1438 Quamvis
955 1365 1022 1420 te
1039 1358 1264 1437 longae
1283 1364 1682 1420 remorentur
1700 1360 1829 1419 fata
1850 1365 2161 1438 senectae,

729 1446 889 1505 Gara
907 1450 1116 1504 tamen
1135 1441 1410 1504 lacrimis
1434 1462 1571 1503 ossa
1590 1444 1798 1503 futura
1819 1444 1994 1505 meis.

649 1531 819 1606 Quae
842 1535 912 1588 tu
931 1530 1068 1589 viva
1091 1546 1227 1587 mea
1246 1528 1449 1608 possis
1473 1528 1709 1588 sentire
1732 1526 1969 1587 favilla!

537 1622 608 1675 20
731 1613 894 1673 Tum
913 1614 1065 1673 mihi
1087 1632 1213 1673 non
1233 1610 1368 1672 ullo
1390 1632 1555 1672 mors
1578 1612 1663 1672 sit
1684 1631 1887 1673 amara
1904 1611 2065 1675 loco.

650 1700 846 1775 Quam
869 1716 1116 1776 vereor,
1141 1716 1222 1757 ne
1245 1704 1311 1757 te
1336 1701 1714 1777 contempto,
1737 1697 2027 1777 Cynthia,
2050 1698 2229 1757 busto

690 1861 694 1866 ¹
730 1783 1070 1844 Abstrahat
1093 1802 1126 1841 a
1145 1788 1363 1843 nostro
1384 1780 1644 1862 pulvere
1666 1779 1917 1862 iniquus
1940 1783 2148 1860 Amor,

649 1869 849 1947 Cogat
869 1873 936 1928 et
953 1869 1208 1928 invitam
1225 1867 1511 1927 lacrimas
1540 1868 1777 1927 siccare
1800 1865 2125 1927 cadentes!

725 1950 1038 2011 Flectitur
1059 1949 1323 2009 assiduis
1344 1956 1519 2008 certa
1536 1947 1749 2028 puella
1768 1952 1969 2011 minis.

537 2044 606 2095 25
649 2034 878 2111 Quare,
905 2032 1049 2091 dum
1067 2030 1244 2107 lieet,
1266 2034 1437 2091 inter
1457 2050 1570 2091 nos
1594 2026 1905 2093 laetemur
1925 2037 2197 2092 amantes
2212 2052 2231 2091 ε

725 2114 865 2176 Non
887 2116 1037 2176 satis
1061 2121 1160 2175 est
1177 2112 1309 2175 ullo
1332 2122 1613 2195 tempore
1635 2114 1855 2194 longus
1878 2132 2066 2175 amor.

503 2246 618 2345 20
647 2247 789 2343 Hoc
809 2302 926 2363 pro
951 2282 1242 2341 continuo
1263 2289 1355 2361 te,
1380 2280 1585 2361 Galle,
1608 2298 1927 2343 monemus
1946 2300 2178 2360 amore,

725 2364 798 2427 Id
815 2367 933 2427 tibi
954 2384 1036 2425 ne
1058 2385 1246 2425 vacuo
1271 2365 1505 2426 defluat
1526 2384 1603 2425 ex
1624 2366 1857 2426 animo:
1936 2392 1945 2401 „

645 2451 846 2533 Saepe
868 2448 1253 2532 imprudenti
1273 2449 1525 2511 fortuna
1546 2452 1822 2511 occurrit
1842 2451 2087 2513 amanti.

726 2534 1017 2598 Crudelis
1037 2533 1273 2615 Miu‘yis
1297 2534 1528 2597 dixerit
1548 2536 1869 2598 Ascanius.

569 2632 602 2683 5
643 2622 762 2685 Est
779 2622 899 2683 tibi
919 2640 1047 2689 non
1065 2620 1234 2681 infra
1255 2623 1551 2703 speciem,
1572 2640 1699 2680 non
1724 2623 1975 2681 nomine
1996 2619 2205 2703 dispar

731 2705 1224 2768 Thiodamanteo
1247 2708 1561 2785 proximus
1586 2704 1772 2767 ardor
1796 2704 2029 2787 Hylae:

644 2792 829 2853 Hune
849 2797 940 2869 tu,
963 2791 1092 2851 sive
1113 2789 1288 2867 leges
1314 2794 1647 2851 umbrosae
1661 2791 1913 2850 flumina
1936 2786 2123 2873 Silae,

730 2875 876 2936 Sive·
895 2876 1138 2935 Aniena
1158 2880 1297 2933 tuos
1319 2875 1580 2935 tinxerit
1600 2872 1765 2932 unda
1782 2871 1999 2951 pedes,
2102 2868 2115 2878 '

645 2958 790 3019 Sive
815 2959 1118 3037 Gigantea
1142 2960 1494 3039 spatiabere
1512 2958 1717 3019 litoris
1740 2974 1869 3033 ora,

540 3050 608 3104 10
737 3042 880 3102 Sive
901 3044 1272 3128 ubicumque
1294 3062 1444 3122 vago
1466 3040 1735 3102 fluminis
1756 3038 2051 3118 hospitio,

643 3126 1066 3207 Nympharum
1088 3145 1336 3206 semper
1361 3124 1599 3207 cupidis
1624 3119 1896 3182 defende
1920 3120 2153 3201 rapinis

729 3204 830 3297 (N
831 3228 911 3271 on
931 3207 1135 3269 minor
1156 3210 1447 3271 Ausoniis
1472 3214 1569 3269 est
1590 3225 1760 3267 amor
1781 3196 2159 3291 Adryasin),

645 3295 738 3355 Ne
761 3296 880 3355 tibi
903 3296 1005 3372 sit,
1030 3293 1270 3371 durum,
1294 3301 1537 3354 montes
1558 3296 1625 3351 et
1643 3288 1875 3371 frigida
1896 3309 2058 3368 saxa,

729 3377 933 3455 Galle,
955 3394 1160 3456 neque
1184 3385 1476 3457 expertos
1500 3393 1745 3455 semper
1770 3375 1944 3436 adire
1963 3373 2155 3449 lacus,

536 3472 603 3521 15
649 3465 820 3540 Quae
841 3463 1032 3522 miser
1058 3461 1289 3545 ignotis
1314 3480 1496 3521 error
1514 3478 1851 3541 perpessus
1870 3461 1938 3520 in
1962 3459 2087 3518 oris
