2592 3867
643 174 1032 237 LIBER
1111 162 1700 255 111‘‚9,1o‚11,12.

386 343 475 405 Ut
492 348 714 403 natura
734 340 931 418 dedit,
955 342 1044 401 sic
1068 341 1265 401 omnis
1285 346 1464 400 recta
1483 340 1682 418 figura
1704 347 1833 403 est:

469 426 703 507 Turpis
723 418 999 486 Romano
1020 422 1315 503 Belgicus
1337 442 1449 483 ore
1472 423 1663 485 color.

316 517 350 572 5
389 508 496 573 nli
517 511 630 571 sub
651 510 845 569 terris
865 509 1019 568 fiant
1039 506 1197 569 mala
1217 505 1413 567 multa
1430 504 1705 587 paellae,

471 595 642 671 Quae
665 593 926 653 mentita
945 610 1084 652 suas
1103 592 1297 650 vertit
1318 592 1533 670 inepta
1558 593 1792 652 comas!

389 678 484 737 De
505 696 625 755 me,
646 678 731 736 mi
754 681 928 737 certe
949 675 1190 756 poteris
1213 675 1487 735 formosa
1512 673 1736 753 videri,

465 762 562 821 Mi
581 762 852 821 formosa
871 760 1040 837 satis,
1064 760 1118 819 si
1142 757 1324 820 modo
1348 776 1535 839 saepe
1556 760 1751 820 venis.

383 845 485 905 An
507 846 560 905 si
585 841 874 905 caeruleo
897 842 1196 924 quaedam
1217 862 1327 904 sua
1345 847 1631 923 tempora
1648 842 1793 902 fuco

281 938 352 991 10
471 928 780 1005 Tinxerit,
801 927 1038 988 idcirco
1063 925 1309 986 caerula
1330 927 1529 999 forma
1548 928 1711 986 bono
1732 925 1875 985 est?

387 1011 542 1072 Cum
567 1012 686 1072 tibi
706 1029 825 1070 nec
845 1009 1048 1070 frater
1071 1028 1190 1069 nec
1213 1010 1297 1069 sit
1314 1010 1434 1069 tibi
1452 1009 1619 1069 filius
1641 1006 1823 1087 ullus,

467 1096 697 1155 Frater
719 1112 835 1173 ego
859 1099 923 1153 et
950 1094 1069 1153 tibi
1093 1094 1207 1152 sim
1224 1090 1390 1151 filius
1412 1111 1570 1152 unus
1590 1110 1726 1170 ego.

387 1178 527 1259 Ipse
549 1183 692 1238 tuus
715 1195 964 1257 semper
983 1177 1102 1237 tibi
1121 1178 1206 1236 sit
1226 1174 1506 1235 custodia
1524 1176 1747 1253 lectus,

467 1261 599 1321 Nec
623 1262 805 1321 nimis
829 1265 1046 1321 ornata
1059 1260 1276 1320 fronte
1301 1258 1528 1319 sedere
1546 1257 1723 1319 velis.

275 1353 344 1408 15
387 1345 650 1406 Credam
673 1364 787 1423 ego
812 1344 1110 1421 narranti,
1132 1340 1267 1404 noli
1287 1344 1700 1421 committere,
1722 1340 1954 1403 famae:

462 1430 548 1492 Et
567 1435 804 1493 terram
823 1448 1036 1491 rumor
1055 1426 1332 1488 transilit
1352 1433 1419 1487 et
1438 1428 1648 1488 maria.

238 1563 350 1657 12
377 1560 526 1657 Etsi
549 1615 648 1656 me
669 1595 862 1656 invito
887 1594 1179 1672 discedis,
1205 1593 1495 1672 cynthia,
1516 1592 1731 1672 Roma,

461 1680 692 1739 Laetor
716 1676 878 1757 quod
904 1680 1040 1737 sine
1063 1695 1163 1737 me
1185 1675 1362 1736 devia
1380 1693 1529 1735 rurs
1550 1675 1723 1741 colis.

381 1760 604 1824 Nullus
629 1762 753 1821 erit
779 1762 963 1820 castis
989 1760 1229 1821 iuvenis
1253 1763 1584 1838 corruptor
1604 1761 1672 1817 in
1696 1761 1881 1839 agris,

471 1847 590 1923 Qui
611 1851 678 1905 te
699 1842 1018 1905 blanditiis
1039 1862 1166 1904 non
1189 1844 1353 1903 sinat
1372 1860 1513 1901 esse
1533 1840 1809 1921 probam,

307 1940 343 1993 5
385 1928 576 1991 Nulla
595 1947 801 2008 neque
825 1933 968 1989 ante
990 1934 1128 1989 tuas
1151 1947 1213 1987 01
1223 1928 1393 1987 ietur
1412 1928 1545 1987 rixa
1564 1925 1897 2005 fenestras,

464 2013 597 2075 Nec
615 2014 735 2073 tibi
758 2010 1052 2073 clamatae
1075 2030 1325 2072 somnus
1352 2028 1591 2069 amarus
1614 2009 1768 2069 erit:

384 2096 532 2158 Sola
553 2098 680 2172 eris
703 2103 770 2156 et
792 2095 958 2157 solos
979 2096 1314 2177 spectabis,
1339 2094 1627 2173 Cynthia,
1650 2098 1894 2154 montes

461 2183 546 2242 Et
569 2200 759 2262 pecus
783 2187 849 2240 et
866 2181 1025 2241 fines
1046 2179 1339 2261 pauperis
1361 2175 1691 2257 agricolae.

379 2261 515 2325 Illic
534 2271 601 2325 te
621 2262 782 2324 nulli
801 2270 1100 2345 poterunt
1122 2279 1525 2343 corrumpere
1545 2260 1681 2322 ludi

273 2358 344 2411 10
463 2350 757 2430 Famaque
777 2350 1054 2429 peccatis
1074 2346 1343 2429 plurima
1364 2365 1544 2407 causa
1562 2346 1720 2406 tuisz

379 2430 517 2493 mic
542 2432 788 2495 assidue
820 2440 1030 2493 tauros
1053 2427 1364 2512 spectabis
1385 2437 1633 2491 arantes

457 2516 544 2576 Et
559 2518 750 2575 vitem
773 2514 957 2575 docta
973 2533 1212 2594 ponere
1234 2512 1401 2573 falce
1423 2532 1649 2588 comas,

379 2600 590 2677 Atque
611 2600 701 2658 ibi
721 2618 866 2656 rara
885 2596 1058 2655 feres
1079 2594 1315 2655 inculto
1341 2600 1483 2654 tura
1502 2592 1755 2671 sacello,

461 2679 718 2741 Haedus
741 2681 849 2741 ubi
872 2680 1136 2758 agrestis
1158 2682 1413 2737 corruet
1433 2682 1577 2736 ante
1603 2675 1800 2753 focos,

276 2776 344 2829 15
384 2765 680 2825 Protinus
703 2770 769 2824 et
787 2762 953 2823 nuda
974 2764 1233 2823 choreas
1253 2762 1583 2821 imitabere
1603 2778 1781 2834 sura3

463 2848 683 2910 Omnia
709 2850 784 2907 ab
809 2853 1068 2909 externo
1091 2848 1218 2907 sint
1238 2845 1421 2905 modo
1444 2850 1579 2907 tuta
1598 2844 1751 2904 viro.

378 2933 519 3013 Ipse
543 2950 658 3013 ego
679 2933 954 2993 venabor
969 2952 990 2990 ι
1027 2933 1150 2992 iam
1170 2950 1335 2991 nunc
1358 2948 1457 2989 me
1482 2948 1658 2990 sacra
1677 2927 1911 2987 Dianae

463 3016 797 3096 Suscipere
821 3023 887 3077 et
906 3016 1148 3079 Veneri
1167 3032 1407 3095 ponere
1429 3018 1572 3074 vota
1591 3012 1791 3073 iu'vatt

377 3099 672 3181 Incipiam
693 3107 944 3181 captare
967 3099 1135 3159 feras
1159 3105 1226 3158 et
1247 3096 1522 3157 reddere
1541 3098 1693 3177 pinu

271 3192 347 3246 20
470 3184 717 3245 cornua
739 3190 807 3244 et
826 3183 1088 3245 audaces
1108 3184 1246 3263 ipse
1267 3176 1527 3243 mon‘ere
1549 3198 1768 3254 canes3

377 3266 436 3329 N
437 3285 518 3326 on
539 3273 746 3327 tamen
765 3274 835 3328 ut
853 3275 1058 3329 vastos
1081 3268 1278 3327 ausim
1298 3272 1609 3347 temptare
1627 3264 1848 3324 leones

464 3353 592 3411 Aut
613 3349 784 3411 celer
805 3358 1084 3430 agrestes
1111 3351 1386 3411 cominus
1403 3352 1505 3409 ire
1529 3366 1690 3408 sues.

378 3434 554 3494 Haec
573 3434 764 3513 igitur
792 3436 946 3495 mihi
967 3436 1051 3495 sit
1069 3433 1327 3514 lepores
1347 3431 1599 3493 audacia
1619 3426 1841 3492 molles

2055 176 2137 240 39

2019 1556 2160 1670 19·
