2592 3867
429 145 514 211 ⁷4
1025 137 1793 204 PROPERTII.

679 313 806 372 Aut
824 310 1052 370 variam
1069 305 1319 388 plamae
1340 303 1739 366 versicoloris
1768 324 1961 369 avem.

599 396 716 456 His
737 406 869 455 tum
887 390 1210 453 blanditiis
1231 392 1459 451 furtiva
1478 407 1595 470 per
1618 394 1795 449 antra
1814 387 2069 468 puellae

682 475 910 537 Oscula
933 474 1230 537 silvicolis
1253 480 1459 554 empta
1480 471 1721 533 dedere
1741 473 1909 534 viris.

491 570 560 627 35
607 558 1114 653 Hinnuleipellis
1135 564 1303 618 totos
1330 556 1615 638 operibat
1636 562 1934 634 amantes,

682 643 953 723 Altaque
973 644 1180 703 nativo
1205 646 1488 701 creverat
1506 641 1707 701 herba
1729 645 1893 717 toro,

601 730 792 789 Pinus
820 733 886 787 et
904 727 1266 786 incumbens
1284 721 1491 785 lentas
1516 722 1933 799 circumdabat
1952 728 2221 807 umbras,

681 809 737 871 N
740 829 812 870 ec
834 810 1042 869 fuerat
1061 807 1255 869 nudas
1276 826 1480 888 poena
1498 806 1715 867 videre
1736 806 1905 885 deas,

601 894 909 971 Corniger
931 898 1118 972 atque
1141 892 1244 953 dei
1263 911 1511 952 vacuam
1530 892 1799 969 pastoris
1820 892 1887 950 in
1908 888 2107 955 aulam
2222 946 2233 955 .

495 987 566 1041 40
685 978 821 1037 Dux
851 978 1016 1036 aries
1035 982 1273 1038 saturas
1293 976 1430 1055 ipse
1454 972 1704 1035 reduxit
1726 992 1890 1052 oves,

601 1063 802 1140 Dique
823 1059 1105 1140 deaeque
1129 1078 1362 1137 omnes,
1388 1060 1607 1137 quibus
1630 1064 1729 1117 eut
1746 1056 1945 1119 tutela
1962 1077 2079 1140 per
2101 1070 2321 1141 agros‚'

684 1145 1080 1204 Praebebunt
1101 1145 1325 1203 vestris
1347 1144 1537 1202 verba
1554 1142 1823 1221 benigna
1841 1142 2001 1203 focis
2014 1164 2033 1203 ε

604 1228 710 1289 ‘Et
729 1223 1036 1307 leporem,
1061 1227 1427 1305 quicumque
1457 1227 1651 1304 venis,
1675 1227 2021 1305 venaberis,
2042 1228 2297 1309 hospes,

684 1310 768 1371 Et
789 1311 843 1369 si
863 1309 1032 1369 forte
1054 1327 1192 1369 meo
1217 1310 1467 1370 tramite
1492 1310 1738 1389 quaeris
1760 1327 1961 1369 avem:
2398 1310 2407 1319 '

496 1402 565 1455 45
605 1394 688 1455 Et
708 1411 806 1452 me
828 1393 995 1452 Pana
1017 1393 1133 1452 tibi
1155 1394 1444 1454 comitem
1465 1392 1546 1453 de
1567 1412 1724 1474 rupe
1746 1398 1981 1469 vocato,

689 1474 832 1535 Sive
853 1482 1034 1556 petes
1057 1474 1286 1538 calamo
1312 1478 1606 1557 praemia,
1630 1480 1758 1537 sive
1770 1480 1970 1537 cane?

604 1559 690 1621 At
715 1578 877 1620 nunc
901 1558 1170 1621 desertis
1193 1568 1439 1622 cessant
1460 1562 1728 1623 sacraria
1746 1558 1935 1621 lucis:

688 1645 920 1704 Aurum
943 1664 1156 1705 omnes
1177 1648 1337 1706 victa
1354 1648 1477 1707 iam
1495 1648 1731 1726 pietate
1752 1644 1980 1705 colunt.

605 1727 775 1788 Auro
799 1728 979 1809 pulsa
998 1727 1178 1808 fides,
1204 1750 1352 1790 auro
1376 1728 1615 1791 venalia
1636 1730 1792 1807 iura,

479 1812 566 1872 ‘50
687 1813 922 1873 Aurum
949 1811 1054 1873 lex
1077 1816 1380 1893 sequitur,
1402 1834 1541 1873 mox
1562 1814 1697 1873 sine
1717 1811 1860 1890 lege
1882 1810 2099 1892 pudor.

603 1895 878 1957 Torritla
895 1896 1260 1975 sacrilegum
1281 1903 1590 1956 testantur
1611 1894 1825 1955 limina
1844 1897 2177 1972 Brennum,

679 1978 836 2039 Dum
865 1981 1030 2058 petit
1046 1981 1278 2037 intonsi
1298 1979 1524 2056 Pythia
1544 1996 1735 2054 regna
1756 1976 1892 2036 dei:

599 2061 686 2120 At
706 2080 880 2139 mons
901 2057 1214 2137 laurigero
1240 2078 1570 2119 concussus
1590 2058 1827 2117 vertice
1853 2057 2018 2117 diras

685 2140 921 2201 Gallica
941 2142 1248 2201 Parnasus
1271 2144 1500 2220 sparsit
1524 2142 1591 2200 in
1614 2159 1780 2200 arma
1800 2142 1994 2203 nives.

491 2232 561 2284 55
605 2225 700 2284 Te
723 2223 925 2283 scelus
948 2230 1202 2303 accepto
1228 2224 1492 2285 Thracis
1514 2222 1964 2303 Polymestoris
1995 2243 2142 2283 auro

675 2306 732 2365 N
734 2308 888 2366 utrit
906 2308 972 2365 in
993 2308 1262 2385 hospitio
1285 2327 1431 2387 non,
1453 2306 1789 2388 Polydore,
1812 2310 1937 2387 pio.

597 2388 697 2450 Tu
719 2408 986 2469 quoque,
1026 2396 1094 2449 ut
1115 2396 1360 2452 auratos
1385 2411 1662 2471 gereres,
1694 2388 2021 2473 Eriphyla,
2048 2389 2346 2469 lacertos,

674 2472 943 2553 Dilapsis
965 2494 1264 2554 nusquam
1293 2482 1391 2538 est
1414 2478 1819 2557 Amphiaraus
1848 2477 2043 2555 equis.

591 2554 961 2637 Proloquar‚
985 2564 1171 2638 atque
1193 2560 1428 2621 utinam
1447 2563 1686 2642 patriae
1714 2561 1830 2621 sim
1843 2578 2025 2621 verus
2051 2557 2343 2637 aruspex!

485 2650 557 2705 60
679 2642 1014 2721 Frangitur
1035 2644 1171 2723 ipsa
1191 2646 1317 2705 suis
1339 2646 1532 2705 Roma
1554 2647 1822 2726 superba
1842 2644 2038 2707 bonis.

595 2726 785 2787 Getta
803 2724 1049 2805 loquor,
1073 2726 1188 2787 sed
1209 2727 1384 2789 nulla
1399 2729 1589 2790 fide:
1618 2746 1824 2809 neque
1841 2729 2005 2789 enim
2024 2724 2133 2786 Ilia
2148 2743 2345 2804 quon-

1375 2833 1387 2847 ·
1556 2812 1695 2873 dam

671 2892 879 2953 Verax
899 2895 1256 2973 Pergameis
1280 2894 1537 2955 Maenas
1560 2892 1847 2955 habenda
1866 2892 2063 2953 malis.

591 2974 738 3033 Sola
763 2976 974 3038 Parim
994 2978 1306 3058 Phrygiae
1327 2978 1522 3038 fatum
1542 2993 1937 3059 comp-onere,
1960 2973 2093 3036 sola

670 3057 983 3120 Fallacem
1003 3065 1242 3140 patriae
1266 3080 1527 3141 serpere
1550 3062 1704 3122 dixit
1726 3078 1969 3138 equum.

479 3145 548 3201 65
591 3138 704 3199 Ille
724 3140 902 3222 furor
923 3146 1162 3222 patriae
1183 3146 1305 3205 fuit
1326 3145 1518 3223 utilis,
1540 3141 1651 3206 ille
1672 3144 1953 3225 parenti=

665 3224 943 3303 Experta
963 3232 1062 3285 est
1081 3246 1262 3287 veros
1282 3229 1465 3290 irrita
1483 3228 1693 3307 lingua
1715 3228 1888 3291 deos.
