2592 3867
420 190 546 256 102
1014 188 1741 251 PROPERTII

669 360 960 436 Narrant,
982 358 1282 418 historiae
1304 350 1561 437 pectora
1580 363 1728 417 nota
1750 376 1925 418 suae:

483 454 552 510 65
595 444 768 505 Haec
789 462 898 502 sua
919 442 1217 502 maternis
1242 441 1525 521 queritur
1544 439 1743 501 livere
1767 444 2003 502 catenis

673 527 936 587 Brachia
957 544 1074 586 nec
1097 526 1353 585 meritas
1372 524 1601 603 frigida
1626 544 1767 585 saxa
1786 544 2029 587 manus:

591 612 818 671 Narrat
837 611 1331 689 Hypermestre
1354 626 1638 687 magnum
1660 628 1835 669 ausas
1861 629 2000 670 esse
2022 631 2295 692 sorores,

675 695 746 755 In
767 691 972 753 scelus
992 694 1112 752 hoc
1138 694 1403 752 animum
1422 711 1547 751 non
1568 690 1833 753 valuisse
1858 714 2049 758 suum.

593 778 698 838 Sic
719 777 938 837 mortis
959 776 1230 837 lacrImis
1256 777 1419 835 vitae
1442 794 1719 836 sanamus
1743 796 2015 837 amores:

486 872 556 927 70
673 859 827 922 Celo
850 878 967 939 ego
987 858 1290 939 perfidiae
1312 860 1570 919 crimina
1590 858 1778 920 multa
1798 866 1961 923 tuae.

595 942 724 1005 Sed
744 944 860 1005 tibi
881 962 1044 1003 nunc
1065 941 1349 1003 mandata
1370 941 1600 1021 damus,
1624 944 1677 1005 si
1698 944 1864 1004 forte
1886 948 2173 1025 moveris,

677 1029 745 1088 Si
767 1035 833 1088 te
853 1046 980 1087 non
1000 1032 1200 1087 totum
1218 1025 1485 1086 Doridos
1506 1028 1705 1088 herba
1724 1035 1930 1089 tenet:

592 1114 814 1174 Nutrix
833 1112 900 1170 in
922 1108 1208 1171 tremulis
1227 1129 1309 1193 ne
1333 1110 1481 1189 quid
1504 1110 1825 1172 desideret
1847 1114 2019 1173 annis

671 1196 1042 1257 Parthenie=
1085 1196 1308 1277 patuit,
1330 1212 1447 1253 nec
1469 1196 1584 1255 tibi
1608 1215 1788 1256 avara
1807 1197 1944 1258 fuit.

486 1289 554 1345 75
596 1279 1000 1359 Deliciaeque
1025 1296 1197 1339 meae
1220 1277 1448 1356 Latris,
1472 1280 1571 1338 cui
1591 1298 1817 1339 nomen
1840 1282 1914 1340 ab
1938 1300 2052 1341 usu
2072 1288 2189 1356 est,

671 1364 767 1424 Ne
789 1359 1106 1443 speculum
1127 1360 1410 1422 dominae
1429 1362 1709 1442 porrigat
1726 1362 1833 1422 illa
1852 1381 2064 1424 novae.

591 1450 677 1509 Et
699 1464 1114 1527 quoscumque
1135 1464 1272 1505 meo
1300 1446 1507 1506 fecisti
1526 1447 1773 1505 nomine
1795 1464 2029 1523 versus,

669 1530 804 1593 Ure
825 1530 1006 1590 mihi:
1048 1526 1266 1589 laudes
1291 1528 1507 1591 desine
1529 1530 1761 1590 habere
1782 1548 1969 1592 meas.

590 1613 774 1675 Pelle
797 1612 1092 1674 hederam
1105 1613 1361 1692 tumulo,
1382 1613 1534 1674 mihi
1549 1632 1705 1693 quae
1718 1621 2028 1695 pugnante
2044 1616 2338 1693 corymbo

481 1707 554 1761 80
677 1696 898 1760 Mollia
919 1699 1220 1759 contortis
1245 1696 1479 1776 adligat
1501 1718 1639 1758 ossa
1661 1700 1868 1759 comis,

593 1783 874 1843 Pomosis
899 1783 1057 1843 Anio
1083 1802 1202 1861 qua
1222 1781 1523 1863 spumifer
1542 1783 1795 1843 incubat
1814 1786 1994 1860 arvis,

669 1868 754 1929 Et
773 1885 1102 1946 numquam
1120 1864 1437 1926 Herculeo
1460 1868 1709 1927 numine
1730 1864 1931 1948 pallet
1951 1868 2125 1941 ebur,

591 1951 713 2017 Hic
736 1970 984 2012 carmen
1007 1948 1210 2010 media
1237 1948 1489 2028 dignum
1511 1969 1611 2010 me
1632 1952 1838 2011 scribe
1862 1949 2161 2024 columna,

675 2033 803 2095 Sed
823 2036 1034 2111 breve,
1065 2032 1232 2113 quod
1257 2052 1517 2094 currens
1537 2039 1751 2093 vector
1773 2034 1846 2092 ab
1870 2035 2026 2093 urbe
2050 2032 2246 2111 legat:

481 2128 551 2182 85
583 2115 763 2177 '“Hic
786 2117 1116 2178 Tiburtina
1135 2118 1301 2177 iacet
1320 2134 1503 2177 aurea
1526 2115 1792 2195 Cynthia
1812 2121 2015 2175 terra:

668 2202 953 2262 Accessit
971 2200 1146 2281 ripae
1165 2198 1321 2279 laus,
1346 2201 1609 2277 Aniene,
1628 2202 1841 2260 tuae.’'

586 2285 718 2345 Nec
738 2290 807 2344 tu
830 2302 1057 2365 sperne
1077 2286 1198 2365 piis
1219 2285 1531 2345 venientia
1554 2283 1789 2343 somnia
1806 2285 2039 2363 portis:

674 2369 829 2429 Cum
849 2370 952 2449 pia
973 2361 1279 2429 venerunt
1302 2368 1555 2445 somnia7
1583 2364 1825 2446 pondus
1846 2366 2095 2428 habent.

589 2452 789 2513 Nocte
810 2472 996 2531 vagae
1017 2454 1301 2528 ferimur,
1323 2470 1447 2512 nox
1470 2447 1707 2511 clausas
1725 2448 1956 2511 liberat
1978 2451 2246 2527 umbras,

483 2542 555 2598 90
673 2536 864 2598 Errat
883 2544 950 2598 et
972 2538 1212 2597 abiecta
1234 2536 1550 2597 Cerberus
1572 2536 1707 2616 ipse
1734 2554 1891 2595 sera.

586 2621 756 2681 Luce
776 2623 997 2682 iubent
1015 2619 1192 2699 leges
1211 2618 1489 2680 Lethaea
1511 2618 1588 2679 ad
1609 2625 1823 2698 stagna
1843 2619 2093 2679 reverti.

668 2705 796 2765 Nos
816 2706 1116 2780 vehimur,
1137 2709 1382 2763 vectum
1403 2709 1587 2764 nauta
1604 2709 1900 2763 recenset
1921 2720 2090 2762 onus.

585 2786 762 2848 Nunc
783 2794 850 2847 te
869 2784 1232 2867 possideant
1252 2785 1439 2847 aliae:
1482 2806 1624 2850 mox
1650 2786 1783 2848 sola
1801 2787 2063 2848 tenebo:

666 2871 915 2931 Mecum
939 2870 1086 2946 eris,
1111 2874 1178 2927 et
1197 2870 1403 2929 mixtis
1428 2873 1668 2931 ossibus
1690 2890 1829 2931 ossa
1847 2872 2089 2930 teram?

480 2961 549 3015 95
591 2954 764 3013 Haec
783 2959 1110 3033 postquam
1131 2948 1393 3032 querula
1412 2972 1655 3015 mecum
1672 2955 1786 3014 sub
1807 2951 1922 3012 lite
1943 2952 2210 3030 peregit,

665 3035 836 3095 Inter
859 3034 1212 3117 complexus
1238 3035 1471 3097 excidit
1489 3040 1707 3099 umbra
1724 3052 1914 3096 meos.

504 3166 559 3259 8
587 3167 804 3279 Disce,
833 3201 980 3279 quid
1002 3201 1312 3281 Esquilias
1336 3204 1452 3263 hac
1478 3208 1661 3263 nocte
1682 3202 1915 3279 fugarit
1937 3220 2216 3282 aquosas,

668 3287 822 3346 Gum
845 3286 1042 3345 vicina
1061 3287 1235 3345 novis
1255 3288 1439 3347 turba
1462 3286 1736 3348 cucurrit
1756 3287 1939 3365 agris.

583 3370 920 3429 Lanuvium
943 3370 1156 3429 annosi
1176 3375 1355 3429 vetus
1379 3376 1477 3431 est
1496 3370 1693 3430 tutela
1716 3368 2024 3447 draconis,

664 3452 786 3511 Hic
807 3452 914 3512 ubi
935 3457 1059 3511 tam
1080 3470 1258 3512 rarae
1281 3471 1406 3511 non
1427 3454 1598 3533 perit
1617 3454 1771 3513 hora
1792 3472 2023 3531 morae,
