2592 3867
701 208 706 213 -
808 172 1194 257 mann
1274 170 1613 252 1v,9‚1o.
2090 172 2167 237 71

403 390 411 395 -
505 343 760 405 Moenia
781 347 849 403 et
869 340 1148 401 addictos
1169 342 1235 401 in
1255 358 1366 400 sua
1386 358 1579 418 regna
1594 345 1807 420 patres
1819 342 1851 401 *ἒ

423 426 618 488 Noxia
637 423 1036 502 Alexandria,
1061 421 1224 487 dolis
1249 425 1565 504 aptissima
1586 422 1799 501 tellus,
1902 476 1909 481 .

435 576 441 582 ,
505 511 590 571 Et
610 512 842 571 totiens
861 514 1078 569 nostro
1101 507 1385 587 Memphi
1406 514 1663 569 cruenta
1682 506 1872 585 malo,

317 602 388 657 35
431 593 593 654 Tres
615 595 722 654 ubi
741 592 1037 673 Pompeio
1063 588 1335 653 detraxit
1352 592 1587 652 harena
1606 591 1983 670 triumphos!

505 676 724 737 Tollet
747 674 918 737 nulla
940 675 1074 736 dien
1099 676 1258 735 hanc
1277 676 1417 753 tibi,
1438 674 1652 753 Roma,
1674 680 1901 737 notam.

289 810 312 817 -
420 762 620 821 Isnent
640 758 987 838 Phlegraeo
1009 753 1234 820 melius
1253 760 1373 819 tibi
1394 760 1617 819 funera
1638 779 1874 840 campo,

500 843 622 907 Vel
641 851 748 918 tua
770 844 825 904 si
847 862 1064 905 socero
1093 841 1255 903 colla
1275 842 1529 903 daturus
1552 861 1710 919 eras.

423 927 677 988 Scilicet
699 928 927 987 incesti
947 928 1248 986 meretrix
1265 929 1484 1004 regina
1506 926 1741 1006 Canopi

312 1023 386 1075 40
509 1004 692 1095 [Una
708 1008 1044 1091 Philippeo
1063 1009 1363 1087 sanguine
1388 1008 1607 1069 adusta
1624 1004 1815 1095 nota)

422 1096 588 1155 Ausa
608 1094 736 1153 Iovi
756 1100 971 1153 nostro
991 1091 1329 1154 latrantem
1348 1110 1668 1173 opponere
1693 1093 1981 1171 Anubim,

502 1178 586 1237 Et
609 1177 892 1239 Tiberim
912 1176 1044 1238 Nili
1069 1195 1296 1256 cogere
1317 1178 1492 1237 ferre
1514 1177 1733 1254 minas,

420 1261 874 1341 Romanamque
895 1262 1108 1322 tubam
1129 1261 1463 1341 crepitanti
1483 1258 1731 1340 pellere
1754 1260 1962 1339 sistro,

499 1345 759 1405 Baridos
785 1350 852 1405 et
875 1346 1076 1406 contis
1097 1350 1303 1405 rostra
1326 1344 1601 1405 Liburna
1622 1346 1820 1424 sequi,

314 1434 380 1488 45
421 1426 756 1508 Foedaque
778 1428 1050 1510 Tarpeio
1075 1430 1337 1509 conopia
1358 1427 1623 1489 tendere
1646 1448 1811 1506 saxo,

498 1512 638 1571 Iura
659 1511 811 1573 dare
833 1518 901 1573 et
923 1519 1154 1573 statuas
1174 1515 1343 1573 inter
1368 1519 1433 1573 et
1454 1532 1623 1587 arma
1642 1511 1825 1573 Mari.

420 1594 583 1671 Quid
601 1613 766 1655 nunc
789 1595 1115 1673 Tarquinii
1135 1596 1369 1655 fractas
1388 1594 1557 1657 iuvat
1576 1614 1713 1657 esse
1737 1612 2011 1673 secures,

499 1678 764 1737 Nomine
786 1696 970 1759 quem
995 1676 1182 1737 simili
1203 1679 1329 1737 vita
1346 1679 1618 1757 superba
1636 1684 1833 1754 notat,

420 1761 487 1820 Si
511 1759 738 1821 mulier
754 1759 1047 1839 patienda
1067 1760 1230 1820 fuit?
1273 1779 1447 1841 cape,
1466 1758 1680 1838 Roma,
1701 1762 2096 1841 triumphum,

308 1852 382 1905 50
499 1845 584 1904 Et
600 1842 849 1922 longum
871 1844 1148 1921 Augusto
1175 1842 1343 1904 salva
1363 1860 1626 1924 precare
1650 1842 1833 1906 diem.

415 1926 658 2006 Fugisti
680 1932 889 1988 tamen
905 1926 1198 1988 intimidi
1216 1946 1367 2007 vaga
1386 1928 1639 1989 flumina
1657 1924 1818 1987 Nili=

392 2062 398 2067 .
503 2010 828 2090 Accepere
849 2018 994 2072 tuae
1014 2010 1275 2072 Romula
1291 2009 1496 2071 vincla
1516 2030 1750 2073 manus.

416 2095 678 2156 Brachia
702 2097 975 2175 spectavi
997 2097 1192 2156 sacris
1211 2094 1498 2155 admorsa
1521 2092 1813 2173 colubris,

498 2178 582 2237 Et
600 2180 854 2239 trahere
883 2177 1194 2240 occultum
1213 2180 1491 2241 membra
1512 2180 1753 2259 soporis
1775 2178 1919 2241 iter.

313 2268 383 2321 55
428 2259 587 2320 ‘Non
609 2262 751 2339 hoc,
776 2262 989 2341 Roma,
1013 2264 1106 2323 fui
1127 2269 1298 2324 tanto
1322 2264 1441 2324 tibi
1464 2265 1597 2325 cive
1618 2262 1937 2339 verenda',

311 2400 316 2404 ,
502 2345 691 2423 Dixit,
716 2350 806 2406 ‘et
827 2346 1072 2408 assiduo
1091 2344 1304 2427 lingua
1324 2343 1571 2428 sepulta
1589 2350 1810 2409 mero.’

419 2427 672 2508 Septem
689 2424 840 2489 urbs
863 2430 992 2490 alta
1009 2432 1191 2508 iugis,
1211 2436 1346 2490 toto
1375 2450 1529 2509 quae
1550 2430 1871 2509 praesidet
1892 2430 2049 2508 orbi,

495 2511 821 2570 Femineas
851 2514 1058 2572 timuit
1075 2513 1300 2572 territa
1321 2514 1530 2572 Marte
1552 2515 1765 2574 minas.

273 2622 286 2633 ·
414 2592 782 2653 Hannibalis
805 2593 1002 2673 spolia
1023 2600 1090 2653 et
1109 2596 1256 2653 victi
1275 2596 1653 2654 monimenta
1672 2594 1972 2673 Syphacis

307 2684 379 2737 60
501 2676 586 2737 Et
604 2677 834 2755 Pyrrhi
855 2675 934 2736 ad
959 2682 1204 2737 nostros
1228 2674 1428 2754 gloria
1446 2677 1646 2737 fracta
1664 2676 1882 2757 pedes,

419 2758 672 2820 Curtius
695 2757 961 2841 expletis
983 2762 1200 2821 statuit
1217 2760 1594 2821 monimenta
1614 2758 1873 2840 lacunis,

500 2844 586 2902 At
612 2844 838 2905 Decius
859 2846 1046 2905 misso
1068 2844 1310 2925 proelia
1330 2847 1501 2925 rupit
1522 2864 1705 2925 equo,

417 2924 680 2987 Coclitis
698 2928 1008 2989 abscissos
1025 2934 1291 2989 testatur
1313 2930 1533 2989 semita
1552 2934 1799 3009 pontes,

497 3011 613 3072 Est
633 3014 733 3072 cui
757 3030 1096 3091 cognomen
1119 3032 1339 3074 corvus
1359 3013 1593 3073 habere
1616 3010 1809 3075 dedit.

248 3135 258 3147 -
309 3099 378 3154 65
417 3093 592 3155 Haec
627 3094 692 3156 di
727 3095 1167 3174 condiderant,
1201 3098 1357 3156 haec
1393 3095 1458 3156 di
1494 3114 1738 3176 quoque
1760 3097 2003 3158 moenia
2024 3114 2158 3157 ser-

1374 3186 1549 3241 vant:

497 3258 616 3321 Vix
634 3262 850 3322 timeat
869 3262 1037 3323 salvo
1061 3264 1331 3323 Caesare
1350 3262 1543 3324 Roma
1564 3265 1789 3327 Iovem.

417 3342 596 3403 Nunc
615 3344 722 3407 ubi
741 3342 1065 3426 Scipiadae
1090 3343 1343 3424 classes,
1364 3348 1471 3408 ubi
1492 3349 1667 3426 signa
1692 3343 1959 3420 camilli,

499 3426 626 3487 Aut
645 3425 827 3487 modo
848 3429 1145 3510 Pompeia
1161 3429 1441 3510 Bosporo
1464 3435 1643 3508 capta
1662 3428 1889 3488 manu?
