<?xml version="1.0" encoding="UTF-8"?>
<!DOCTYPE html PUBLIC "-//W3C//DTD XHTML 1.0 Transitional//EN"
    "http://www.w3.org/TR/xhtml1/DTD/xhtml1-transitional.dtd">
<html xmlns="http://www.w3.org/1999/xhtml" xml:lang="en" lang="en">
 <head>
  <title>
</title>
<meta http-equiv="Content-Type" content="text/html;charset=utf-8" />
  <meta name='ocr-system' content='tesseract 3.04.00' />
  <meta name='ocr-capabilities' content='ocr_page ocr_carea ocr_par ocr_line ocrx_word'/>
</head>
<body>
  <div class='ocr_page' id='page_1' title='image "./sexpropertiiele00keilgoog_0027.png"; bbox 0 0 2592 3867; ppageno 0'>
   <div class='ocr_carea' id='block_1_1' title="bbox 629 198 2115 285">
    <p class='ocr_par' dir='ltr' id='par_1_1' title="bbox 629 198 2115 285">
     <span class='ocr_line' id='line_1_1' title="bbox 629 198 2115 285; baseline 0.006 -24"><span class='ocrx_word' id='word_1_1' title='bbox 629 200 673 261; x_wconf 85' lang='lat' dir='ltr'>L</span> <span class='ocrx_word' id='word_1_2' title='bbox 714 198 743 259; x_wconf 88' lang='grc' dir='ltr'>Ι</span> <span class='ocrx_word' id='word_1_3' title='bbox 779 200 826 263; x_wconf 86' lang='grc' dir='ltr'><em>Β</em></span> <span class='ocrx_word' id='word_1_4' title='bbox 866 200 916 261; x_wconf 89' lang='grc' dir='ltr'><strong>Ε</strong></span> <span class='ocrx_word' id='word_1_5' title='bbox 958 201 1012 262; x_wconf 84' lang='lat' dir='ltr'>R</span> <span class='ocrx_word' id='word_1_6' title='bbox 1092 200 1141 279; x_wconf 89' lang='lat'><strong>1,</strong></span> <span class='ocrx_word' id='word_1_7' title='bbox 1189 210 1276 281; x_wconf 83' lang='lat'><strong>16,</strong></span> <span class='ocrx_word' id='word_1_8' title='bbox 1322 211 1410 283; x_wconf 81' lang='lat'><strong>17,</strong></span> <span class='ocrx_word' id='word_1_9' title='bbox 1453 210 1540 285; x_wconf 83' lang='lat'><strong>18,</strong></span> <span class='ocrx_word' id='word_1_10' title='bbox 1586 212 1670 267; x_wconf 84' lang='lat'><strong>19.</strong></span> <span class='ocrx_word' id='word_1_11' title='bbox 2030 202 2115 271; x_wconf 86' lang='grc'><strong>17</strong></span> 
     </span>
    </p>
   </div>
   <div class='ocr_carea' id='block_1_2' title="bbox 222 416 2109 3109">
    <p class='ocr_par' dir='ltr' id='par_1_2' title="bbox 222 416 2109 3108">
     <span class='ocr_line' id='line_1_2' title="bbox 222 416 1927 534; baseline 0.001 -22"><span class='ocrx_word' id='word_1_12' title='bbox 222 418 352 513; x_wconf 71' lang='grc'><strong>18</strong></span> <span class='ocrx_word' id='word_1_13' title='bbox 365 416 541 511; x_wconf 76' lang='lat' dir='ltr'><strong>Haec</strong></span> <span class='ocrx_word' id='word_1_14' title='bbox 565 456 740 511; x_wconf 90' lang='lat' dir='ltr'><strong>certe</strong></span> <span class='ocrx_word' id='word_1_15' title='bbox 765 449 1018 509; x_wconf 76' lang='lat' dir='ltr'><strong>deserta</strong></span> <span class='ocrx_word' id='word_1_16' title='bbox 1035 449 1178 511; x_wconf 76' lang='lat' dir='ltr'><strong>loca</strong></span> <span class='ocrx_word' id='word_1_17' title='bbox 1199 455 1266 510; x_wconf 85' lang='lat' dir='ltr'><strong>et</strong></span> <span class='ocrx_word' id='word_1_18' title='bbox 1286 452 1595 511; x_wconf 80' lang='lat' dir='ltr'><strong>taciturna</strong></span> <span class='ocrx_word' id='word_1_19' title='bbox 1617 455 1927 534; x_wconf 81' lang='lat' dir='ltr'><strong>querenti,</strong></span> 
     </span>
     <span class='ocr_line' id='line_1_3' title="bbox 442 532 1841 613; baseline -0.001 -16"><span class='ocrx_word' id='word_1_20' title='bbox 442 538 528 597; x_wconf 81' lang='lat' dir='ltr'><strong>Et</strong></span> <span class='ocrx_word' id='word_1_21' title='bbox 546 554 801 595; x_wconf 72' lang='lat' dir='ltr'><strong>vacuum</strong></span> <span class='ocrx_word' id='word_1_22' title='bbox 821 535 1100 613; x_wconf 74' lang='lat' dir='ltr'><strong>Zephyri</strong></span> <span class='ocrx_word' id='word_1_23' title='bbox 1119 532 1404 613; x_wconf 79' lang='lat' dir='ltr'><strong>possidet</strong></span> <span class='ocrx_word' id='word_1_24' title='bbox 1426 554 1575 595; x_wconf 79' lang='lat' dir='ltr'><strong>aura</strong></span> <span class='ocrx_word' id='word_1_25' title='bbox 1592 554 1841 597; x_wconf 87' lang='lat' dir='ltr'><strong>nemus:</strong></span> 
     </span>
     <span class='ocr_line' id='line_1_4' title="bbox 359 614 1835 698; baseline 0 -19"><span class='ocrx_word' id='word_1_26' title='bbox 359 621 482 679; x_wconf 83' lang='lat' dir='ltr'><strong>Hic</strong></span> <span class='ocrx_word' id='word_1_27' title='bbox 501 616 660 679; x_wconf 85' lang='lat' dir='ltr'><strong>licet</strong></span> <span class='ocrx_word' id='word_1_28' title='bbox 681 614 958 679; x_wconf 80' lang='lat' dir='ltr'><strong>occultos</strong></span> <span class='ocrx_word' id='word_1_29' title='bbox 979 618 1321 698; x_wconf 75' lang='lat' dir='ltr'><strong>proferre·</strong></span> <span class='ocrx_word' id='word_1_30' title='bbox 1298 637 1533 698; x_wconf 78' lang='lat' dir='ltr'><strong>inpune</strong></span> <span class='ocrx_word' id='word_1_31' title='bbox 1558 615 1835 697; x_wconf 79' lang='lat' dir='ltr'><strong>dolores,</strong></span> 
     </span>
     <span class='ocr_line' id='line_1_5' title="bbox 353 699 1758 781; baseline 0.001 -18"><span class='ocrx_word' id='word_1_32' title='bbox 353 744 362 753; x_wconf 81' lang='lat'>-</span> <span class='ocrx_word' id='word_1_33' title='bbox 441 703 508 763; x_wconf 88' lang='lat' dir='ltr'><strong>Si</strong></span> <span class='ocrx_word' id='word_1_34' title='bbox 529 701 712 761; x_wconf 84' lang='lat' dir='ltr'><strong>modo</strong></span> <span class='ocrx_word' id='word_1_35' title='bbox 737 699 868 761; x_wconf 81' lang='lat' dir='ltr'><strong>sola</strong></span> <span class='ocrx_word' id='word_1_36' title='bbox 889 708 1120 781; x_wconf 78' lang='lat' dir='ltr'><strong>queant</strong></span> <span class='ocrx_word' id='word_1_37' title='bbox 1141 720 1284 763; x_wconf 76' lang='lat' dir='ltr'><strong>saxa</strong></span> <span class='ocrx_word' id='word_1_38' title='bbox 1306 708 1529 762; x_wconf 88' lang='lat' dir='ltr'><strong>tenere</strong></span> <span class='ocrx_word' id='word_1_39' title='bbox 1550 700 1758 764; x_wconf 85' lang='lat' dir='ltr'><strong>fidem.</strong></span> 
     </span>
     <span class='ocr_line' id='line_1_6' title="bbox 286 785 2052 865; baseline 0.001 -15"><span class='ocrx_word' id='word_1_40' title='bbox 286 798 320 849; x_wconf 83' lang='lat'>5</span> <span class='ocrx_word' id='word_1_41' title='bbox 361 786 542 850; x_wconf 81' lang='lat' dir='ltr'><strong>Unde</strong></span> <span class='ocrx_word' id='word_1_42' title='bbox 565 792 706 846; x_wconf 90' lang='lat' dir='ltr'><strong>tuos</strong></span> <span class='ocrx_word' id='word_1_43' title='bbox 727 787 992 864; x_wconf 81' lang='lat' dir='ltr'><strong>primum</strong></span> <span class='ocrx_word' id='word_1_44' title='bbox 1012 792 1315 865; x_wconf 71' lang='lat' dir='ltr'><strong>repetam,</strong></span> <span class='ocrx_word' id='word_1_45' title='bbox 1338 804 1477 847; x_wconf 79' lang='lat' dir='ltr'><strong>mea</strong></span> <span class='ocrx_word' id='word_1_46' title='bbox 1497 785 1787 865; x_wconf 77' lang='lat' dir='ltr'><strong>Cynthia,</strong></span> <span class='ocrx_word' id='word_1_47' title='bbox 1809 788 2005 849; x_wconf 79' lang='lat' dir='ltr'><strong>fastus</strong></span> <span class='ocrx_word' id='word_1_48' title='bbox 2019 789 2052 851; x_wconf 68' lang='grc' dir='ltr'><strong>’ἒ</strong></span> 
     </span>
     <span class='ocr_line' id='line_1_7' title="bbox 441 869 2053 951; baseline 0.001 -21"><span class='ocrx_word' id='word_1_49' title='bbox 441 869 622 947; x_wconf 75' lang='lat' dir='ltr'><strong>Quod</strong></span> <span class='ocrx_word' id='word_1_50' title='bbox 642 870 796 931; x_wconf 88' lang='lat' dir='ltr'><strong>mihi</strong></span> <span class='ocrx_word' id='word_1_51' title='bbox 818 869 926 930; x_wconf 72' lang='lat' dir='ltr'><strong>&lt;las</strong></span> <span class='ocrx_word' id='word_1_52' title='bbox 947 870 1166 948; x_wconf 78' lang='lat' dir='ltr'><strong>flendi,</strong></span> <span class='ocrx_word' id='word_1_53' title='bbox 1189 872 1481 949; x_wconf 77' lang='lat' dir='ltr'><strong>Cynthia,</strong></span> <span class='ocrx_word' id='word_1_54' title='bbox 1502 871 1923 951; x_wconf 70' lang='lat' dir='ltr'><strong>principium?</strong></span> <span class='ocrx_word' id='word_1_55' title='bbox 2046 891 2053 898; x_wconf 95' lang='lat'><strong>·</strong></span> 
     </span>
     <span class='ocr_line' id='line_1_8' title="bbox 359 951 1827 1033; baseline 0 -19"><span class='ocrx_word' id='word_1_56' title='bbox 359 956 481 1031; x_wconf 76' lang='lat' dir='ltr'><strong>Qui</strong></span> <span class='ocrx_word' id='word_1_57' title='bbox 499 953 684 1013; x_wconf 79' lang='lat' dir='ltr'><strong>modo</strong></span> <span class='ocrx_word' id='word_1_58' title='bbox 707 951 930 1012; x_wconf 85' lang='lat' dir='ltr'><strong>felices</strong></span> <span class='ocrx_word' id='word_1_59' title='bbox 948 954 1118 1013; x_wconf 85' lang='lat' dir='ltr'><strong>inter</strong></span> <span class='ocrx_word' id='word_1_60' title='bbox 1139 955 1509 1013; x_wconf 77' lang='lat' dir='ltr'><strong>numerabar</strong></span> <span class='ocrx_word' id='word_1_61' title='bbox 1532 960 1827 1033; x_wconf 71' lang='lat' dir='ltr'><strong>amantes,</strong></span> 
     </span>
     <span class='ocr_line' id='line_1_9' title="bbox 436 1036 1788 1115; baseline 0.001 -18"><span class='ocrx_word' id='word_1_62' title='bbox 436 1036 614 1097; x_wconf 84' lang='lat' dir='ltr'><strong>Nunc</strong></span> <span class='ocrx_word' id='word_1_63' title='bbox 635 1038 706 1095; x_wconf 87' lang='lat' dir='ltr'><strong>in</strong></span> <span class='ocrx_word' id='word_1_64' title='bbox 727 1054 935 1098; x_wconf 80' lang='lat' dir='ltr'><strong>amore</strong></span> <span class='ocrx_word' id='word_1_65' title='bbox 954 1043 1065 1095; x_wconf 89' lang='lat' dir='ltr'><strong>tuo</strong></span> <span class='ocrx_word' id='word_1_66' title='bbox 1090 1056 1279 1115; x_wconf 82' lang='lat' dir='ltr'><strong>cogor</strong></span> <span class='ocrx_word' id='word_1_67' title='bbox 1304 1038 1545 1107; x_wconf 68' lang='lat' dir='ltr'><strong>hebere·</strong></span> <span class='ocrx_word' id='word_1_68' title='bbox 1560 1042 1788 1099; x_wconf 77' lang='lat' dir='ltr'><strong>notum.</strong></span> 
     </span>
     <span class='ocr_line' id='line_1_10' title="bbox 360 1120 2109 1200; baseline 0.001 -20"><span class='ocrx_word' id='word_1_69' title='bbox 360 1120 524 1197; x_wconf 77' lang='lat' dir='ltr'><strong>Quid</strong></span> <span class='ocrx_word' id='word_1_70' title='bbox 555 1126 796 1181; x_wconf 83' lang='lat' dir='ltr'><strong>tantum</strong></span> <span class='ocrx_word' id='word_1_71' title='bbox 821 1120 1061 1179; x_wconf 69' lang='lat' dir='ltr'><strong>merui?</strong></span> <span class='ocrx_word' id='word_1_72' title='bbox 1107 1139 1264 1200; x_wconf 80' lang='lat' dir='ltr'><strong>quae</strong></span> <span class='ocrx_word' id='word_1_73' title='bbox 1283 1126 1351 1179; x_wconf 91' lang='lat' dir='ltr'><strong>te</strong></span> <span class='ocrx_word' id='word_1_74' title='bbox 1375 1120 1529 1180; x_wconf 86' lang='lat' dir='ltr'><strong>mihi</strong></span> <span class='ocrx_word' id='word_1_75' title='bbox 1549 1120 1805 1180; x_wconf 82' lang='lat' dir='ltr'><strong>crimina</strong></span> <span class='ocrx_word' id='word_1_76' title='bbox 1826 1122 2109 1183; x_wconf 62' lang='lat' dir='ltr'><strong>mutant?</strong></span> 
     </span>
     <span class='ocr_line' id='line_1_11' title="bbox 251 1203 1685 1285; baseline -0.002 -19"><span class='ocrx_word' id='word_1_77' title='bbox 251 1214 322 1267; x_wconf 90' lang='grc'><strong>10</strong></span> <span class='ocrx_word' id='word_1_78' title='bbox 446 1206 546 1265; x_wconf 88' lang='lat' dir='ltr'><strong>An</strong></span> <span class='ocrx_word' id='word_1_79' title='bbox 565 1222 722 1263; x_wconf 78' lang='lat' dir='ltr'><strong>nova</strong></span> <span class='ocrx_word' id='word_1_80' title='bbox 741 1204 1036 1263; x_wconf 75' lang='lat' dir='ltr'><strong>tristitiae</strong></span> <span class='ocrx_word' id='word_1_81' title='bbox 1059 1224 1240 1263; x_wconf 79' lang='lat' dir='ltr'><strong>causa</strong></span> <span class='ocrx_word' id='word_1_82' title='bbox 1260 1203 1475 1285; x_wconf 75' lang='lat' dir='ltr'><strong>puella</strong></span> <span class='ocrx_word' id='word_1_83' title='bbox 1493 1209 1677 1263; x_wconf 83' lang='lat' dir='ltr'><strong>tuae.</strong></span> <span class='ocrx_word' id='word_1_84' title='bbox 1652 1205 1685 1246; x_wconf 80' lang='lat'><strong>‘²</strong></span> 
     </span>
     <span class='ocr_line' id='line_1_12' title="bbox 244 1285 1885 1366; baseline -0.002 -13"><span class='ocrx_word' id='word_1_85' title='bbox 244 1348 252 1353; x_wconf 75' lang='grc'><strong>,</strong></span> <span class='ocrx_word' id='word_1_86' title='bbox 360 1289 464 1349; x_wconf 86' lang='lat' dir='ltr'><strong>Sic</strong></span> <span class='ocrx_word' id='word_1_87' title='bbox 485 1289 638 1348; x_wconf 91' lang='lat' dir='ltr'><strong>mihi</strong></span> <span class='ocrx_word' id='word_1_88' title='bbox 657 1293 723 1346; x_wconf 87' lang='lat' dir='ltr'><strong>te</strong></span> <span class='ocrx_word' id='word_1_89' title='bbox 745 1288 987 1351; x_wconf 79' lang='lat' dir='ltr'><strong>referas</strong></span> <span class='ocrx_word' id='word_1_90' title='bbox 1005 1285 1186 1366; x_wconf 79' lang='lat' dir='ltr'><strong>Ievis,</strong></span> <span class='ocrx_word' id='word_1_91' title='bbox 1208 1295 1280 1349; x_wconf 90' lang='lat' dir='ltr'><strong>ut</strong></span> <span class='ocrx_word' id='word_1_92' title='bbox 1300 1308 1427 1352; x_wconf 87' lang='lat' dir='ltr'><strong>non</strong></span> <span class='ocrx_word' id='word_1_93' title='bbox 1450 1286 1648 1349; x_wconf 75' lang='lat' dir='ltr'><strong>ultera</strong></span> <span class='ocrx_word' id='word_1_94' title='bbox 1666 1294 1885 1349; x_wconf 88' lang='lat' dir='ltr'><strong>nostro</strong></span> 
     </span>
     <span class='ocr_line' id='line_1_13' title="bbox 435 1370 1634 1453; baseline -0.001 -20"><span class='ocrx_word' id='word_1_95' title='bbox 435 1372 680 1433; x_wconf 88' lang='lat' dir='ltr'><strong>Limine</strong></span> <span class='ocrx_word' id='word_1_96' title='bbox 703 1371 1009 1433; x_wconf 85' lang='lat' dir='ltr'><strong>formosos</strong></span> <span class='ocrx_word' id='word_1_97' title='bbox 1031 1370 1248 1433; x_wconf 86' lang='lat' dir='ltr'><strong>intulit</strong></span> <span class='ocrx_word' id='word_1_98' title='bbox 1267 1370 1401 1433; x_wconf 75' lang='lat' dir='ltr'><strong>ulla</strong></span> <span class='ocrx_word' id='word_1_99' title='bbox 1418 1370 1634 1453; x_wconf 84' lang='lat' dir='ltr'><strong>p.edes</strong></span> 
     </span>
     <span class='ocr_line' id='line_1_14' title="bbox 358 1452 2000 1536; baseline 0.001 -20"><span class='ocrx_word' id='word_1_100' title='bbox 358 1456 642 1532; x_wconf 76' lang='lat' dir='ltr'><strong>Quamvis</strong></span> <span class='ocrx_word' id='word_1_101' title='bbox 665 1452 860 1515; x_wconf 74' lang='lat' dir='ltr'><strong>multa</strong></span> <span class='ocrx_word' id='word_1_102' title='bbox 879 1456 996 1517; x_wconf 86' lang='lat' dir='ltr'><strong>tibi</strong></span> <span class='ocrx_word' id='word_1_103' title='bbox 1021 1454 1204 1519; x_wconf 76' lang='lat' dir='ltr'><strong>dolor</strong></span> <span class='ocrx_word' id='word_1_104' title='bbox 1223 1458 1328 1518; x_wconf 84' lang='lat' dir='ltr'><strong>hic</strong></span> <span class='ocrx_word' id='word_1_105' title='bbox 1350 1475 1523 1517; x_wconf 84' lang='lat' dir='ltr'><strong>meus</strong></span> <span class='ocrx_word' id='word_1_106' title='bbox 1546 1475 1767 1536; x_wconf 81' lang='lat' dir='ltr'><strong>aspera</strong></span> <span class='ocrx_word' id='word_1_107' title='bbox 1789 1453 2000 1535; x_wconf 78' lang='lat' dir='ltr'><strong>(lebet,</strong></span> 
     </span>
     <span class='ocr_line' id='line_1_15' title="bbox 436 1540 1675 1619; baseline -0.001 -19"><span class='ocrx_word' id='word_1_108' title='bbox 436 1540 576 1600; x_wconf 87' lang='lat' dir='ltr'><strong>Non</strong></span> <span class='ocrx_word' id='word_1_109' title='bbox 597 1540 687 1599; x_wconf 80' lang='lat' dir='ltr'><strong>ita</strong></span> <span class='ocrx_word' id='word_1_110' title='bbox 709 1558 888 1600; x_wconf 79' lang='lat' dir='ltr'><strong>saeva</strong></span> <span class='ocrx_word' id='word_1_111' title='bbox 908 1545 1115 1601; x_wconf 75' lang='lat' dir='ltr'><strong>tumen</strong></span> <span class='ocrx_word' id='word_1_112' title='bbox 1135 1542 1421 1601; x_wconf 81' lang='lat' dir='ltr'><strong>venerit</strong></span> <span class='ocrx_word' id='word_1_113' title='bbox 1401 1561 1497 1601; x_wconf 72' lang='grc' dir='ltr'><strong>ιη</strong></span> <span class='ocrx_word' id='word_1_114' title='bbox 1518 1558 1675 1619; x_wconf 78' lang='lat' dir='ltr'><strong>mea,</strong></span> 
     </span>
     <span class='ocr_line' id='line_1_16' title="bbox 250 1622 1923 1703; baseline -0.004 -18"><span class='ocrx_word' id='word_1_115' title='bbox 250 1631 318 1685; x_wconf 86' lang='lat'><strong>15</strong></span> <span class='ocrx_word' id='word_1_116' title='bbox 360 1624 447 1685; x_wconf 88' lang='lat' dir='ltr'><strong>Ut</strong></span> <span class='ocrx_word' id='word_1_117' title='bbox 466 1626 584 1684; x_wconf 88' lang='lat' dir='ltr'><strong>tibi</strong></span> <span class='ocrx_word' id='word_1_118' title='bbox 606 1625 723 1683; x_wconf 88' lang='lat' dir='ltr'><strong>sim</strong></span> <span class='ocrx_word' id='word_1_119' title='bbox 743 1625 968 1691; x_wconf 86' lang='lat' dir='ltr'><strong>merito</strong></span> <span class='ocrx_word' id='word_1_120' title='bbox 993 1644 1240 1703; x_wconf 80' lang='lat' dir='ltr'><strong>semper</strong></span> <span class='ocrx_word' id='word_1_121' title='bbox 1259 1625 1438 1683; x_wconf 83' lang='lat' dir='ltr'><strong>furor</strong></span> <span class='ocrx_word' id='word_1_122' title='bbox 1462 1630 1529 1683; x_wconf 88' lang='lat' dir='ltr'><strong>et</strong></span> <span class='ocrx_word' id='word_1_123' title='bbox 1550 1632 1657 1684; x_wconf 74' lang='lat' dir='ltr'><strong>tua</strong></span> <span class='ocrx_word' id='word_1_124' title='bbox 1679 1622 1889 1683; x_wconf 79' lang='lat' dir='ltr'><strong>flendo</strong></span> <span class='ocrx_word' id='word_1_125' title='bbox 1920 1675 1923 1677; x_wconf 74' lang='grc'>,</span> 
     </span>
     <span class='ocr_line' id='line_1_17' title="bbox 433 1705 1669 1785; baseline 0 -18"><span class='ocrx_word' id='word_1_126' title='bbox 433 1706 697 1768; x_wconf 71' lang='lat' dir='ltr'><strong>Lumina</strong></span> <span class='ocrx_word' id='word_1_127' title='bbox 719 1705 980 1765; x_wconf 84' lang='lat' dir='ltr'><strong>deiectis</strong></span> <span class='ocrx_word' id='word_1_128' title='bbox 1003 1710 1210 1785; x_wconf 83' lang='lat' dir='ltr'><strong>turpia</strong></span> <span class='ocrx_word' id='word_1_129' title='bbox 1230 1709 1358 1766; x_wconf 76' lang='lat' dir='ltr'><strong>sint</strong></span> <span class='ocrx_word' id='word_1_130' title='bbox 1375 1705 1669 1767; x_wconf 79' lang='lat' dir='ltr'><strong>lacrimis.</strong></span> 
     </span>
     <span class='ocr_line' id='line_1_18' title="bbox 356 1788 1828 1869; baseline -0.005 -19"><span class='ocrx_word' id='word_1_131' title='bbox 356 1792 456 1850; x_wconf 88' lang='lat' dir='ltr'><strong>An</strong></span> <span class='ocrx_word' id='word_1_132' title='bbox 479 1791 624 1869; x_wconf 81' lang='lat' dir='ltr'><strong>quia</strong></span> <span class='ocrx_word' id='word_1_133' title='bbox 642 1808 831 1869; x_wconf 73' lang='lat' dir='ltr'><strong>parva</strong></span> <span class='ocrx_word' id='word_1_134' title='bbox 853 1788 1065 1850; x_wconf 77' lang='lat' dir='ltr'><strong>dumus</strong></span> <span class='ocrx_word' id='word_1_135' title='bbox 1085 1796 1319 1849; x_wconf 78' lang='lat' dir='ltr'><strong>mutato</strong></span> <span class='ocrx_word' id='word_1_136' title='bbox 1343 1791 1517 1867; x_wconf 75' lang='lat' dir='ltr'><strong>sIgna</strong></span> <span class='ocrx_word' id='word_1_137' title='bbox 1538 1788 1775 1867; x_wconf 82' lang='lat' dir='ltr'><strong>colore,</strong></span> <span class='ocrx_word' id='word_1_138' title='bbox 1822 1837 1828 1842; x_wconf 92' lang='lat'>.</span> 
     </span>
     <span class='ocr_line' id='line_1_19' title="bbox 435 1870 1675 1934; baseline -0.002 0"><span class='ocrx_word' id='word_1_139' title='bbox 435 1873 523 1934; x_wconf 86' lang='lat' dir='ltr'><strong>Et</strong></span> <span class='ocrx_word' id='word_1_140' title='bbox 545 1891 672 1933; x_wconf 87' lang='lat' dir='ltr'><strong>non</strong></span> <span class='ocrx_word' id='word_1_141' title='bbox 697 1870 824 1933; x_wconf 84' lang='lat' dir='ltr'><strong>ulla</strong></span> <span class='ocrx_word' id='word_1_142' title='bbox 843 1891 983 1932; x_wconf 87' lang='lat' dir='ltr'><strong>meo</strong></span> <span class='ocrx_word' id='word_1_143' title='bbox 1007 1872 1228 1934; x_wconf 77' lang='lat' dir='ltr'><strong>clamat</strong></span> <span class='ocrx_word' id='word_1_144' title='bbox 1247 1875 1316 1932; x_wconf 86' lang='lat' dir='ltr'><strong>in</strong></span> <span class='ocrx_word' id='word_1_145' title='bbox 1338 1891 1449 1932; x_wconf 88' lang='lat' dir='ltr'><strong>ore</strong></span> <span class='ocrx_word' id='word_1_146' title='bbox 1470 1871 1629 1931; x_wconf 86' lang='lat' dir='ltr'><strong>fides</strong></span> <span class='ocrx_word' id='word_1_147' title='bbox 1644 1872 1675 1930; x_wconf 72' lang='lat'><strong>‘3</strong></span> 
     </span>
     <span class='ocr_line' id='line_1_20' title="bbox 356 1958 1909 2036; baseline 0 -18"><span class='ocrx_word' id='word_1_148' title='bbox 356 1958 488 2019; x_wconf 87' lang='lat' dir='ltr'><strong>Vos</strong></span> <span class='ocrx_word' id='word_1_149' title='bbox 511 1958 688 2017; x_wconf 89' lang='lat' dir='ltr'><strong>eritis</strong></span> <span class='ocrx_word' id='word_1_150' title='bbox 711 1963 930 2035; x_wconf 82' lang='lat' dir='ltr'><strong>testes,</strong></span> <span class='ocrx_word' id='word_1_151' title='bbox 955 1958 1008 2016; x_wconf 88' lang='lat' dir='ltr'><strong>si</strong></span> <span class='ocrx_word' id='word_1_152' title='bbox 1036 1977 1188 2036; x_wconf 84' lang='lat' dir='ltr'><strong>quos</strong></span> <span class='ocrx_word' id='word_1_153' title='bbox 1211 1958 1403 2017; x_wconf 74' lang='lat' dir='ltr'><strong>habet</strong></span> <span class='ocrx_word' id='word_1_154' title='bbox 1424 1958 1609 2017; x_wconf 73' lang='lat' dir='ltr'><strong>arbor</strong></span> <span class='ocrx_word' id='word_1_155' title='bbox 1629 1972 1909 2035; x_wconf 80' lang='lat' dir='ltr'><strong>amores‚·</strong></span> 
     </span>
     <span class='ocr_line' id='line_1_21' title="bbox 250 2040 1612 2123; baseline 0 -20"><span class='ocrx_word' id='word_1_156' title='bbox 250 2050 323 2103; x_wconf 79' lang='lat'><strong>20</strong></span> <span class='ocrx_word' id='word_1_157' title='bbox 441 2042 644 2121; x_wconf 76' lang='lat' dir='ltr'><strong>Fagus</strong></span> <span class='ocrx_word' id='word_1_158' title='bbox 668 2046 736 2100; x_wconf 88' lang='lat' dir='ltr'><strong>et</strong></span> <span class='ocrx_word' id='word_1_159' title='bbox 759 2040 1030 2101; x_wconf 81' lang='lat' dir='ltr'><strong>Arcadio</strong></span> <span class='ocrx_word' id='word_1_160' title='bbox 1049 2042 1233 2123; x_wconf 84' lang='lat' dir='ltr'><strong>pinus</strong></span> <span class='ocrx_word' id='word_1_161' title='bbox 1257 2042 1451 2101; x_wconf 75' lang='lat' dir='ltr'><strong>amica</strong></span> <span class='ocrx_word' id='word_1_162' title='bbox 1472 2040 1612 2103; x_wconf 83' lang='lat' dir='ltr'><strong>deo.</strong></span> 
     </span>
     <span class='ocr_line' id='line_1_22' title="bbox 354 2125 2105 2206; baseline 0 -21"><span class='ocrx_word' id='word_1_163' title='bbox 354 2126 454 2185; x_wconf 88' lang='lat' dir='ltr'><strong>Ah</strong></span> <span class='ocrx_word' id='word_1_164' title='bbox 477 2126 766 2205; x_wconf 77' lang='lat' dir='ltr'><strong>quotiens</strong></span> <span class='ocrx_word' id='word_1_165' title='bbox 781 2131 1032 2185; x_wconf 84' lang='lat' dir='ltr'><strong>teneras</strong></span> <span class='ocrx_word' id='word_1_166' title='bbox 1046 2132 1345 2185; x_wconf 72' lang='lat' dir='ltr'><strong>resonant</strong></span> <span class='ocrx_word' id='word_1_167' title='bbox 1356 2144 1493 2185; x_wconf 80' lang='lat' dir='ltr'><strong>mea</strong></span> <span class='ocrx_word' id='word_1_168' title='bbox 1506 2125 1697 2185; x_wconf 79' lang='lat' dir='ltr'><strong>verba</strong></span> <span class='ocrx_word' id='word_1_169' title='bbox 1710 2126 1823 2185; x_wconf 87' lang='lat' dir='ltr'><strong>sub</strong></span> <span class='ocrx_word' id='word_1_170' title='bbox 1836 2126 2105 2206; x_wconf 72' lang='lat' dir='ltr'><strong>umbus,</strong></span> 
     </span>
     <span class='ocr_line' id='line_1_23' title="bbox 439 2208 1767 2289; baseline 0 -22"><span class='ocrx_word' id='word_1_171' title='bbox 439 2208 749 2268; x_wconf 84' lang='lat' dir='ltr'><strong>Scribitur</strong></span> <span class='ocrx_word' id='word_1_172' title='bbox 771 2214 838 2268; x_wconf 90' lang='lat' dir='ltr'><strong>et</strong></span> <span class='ocrx_word' id='word_1_173' title='bbox 855 2212 1081 2270; x_wconf 81' lang='lat' dir='ltr'><strong>vestris</strong></span> <span class='ocrx_word' id='word_1_174' title='bbox 1107 2210 1377 2289; x_wconf 80' lang='lat' dir='ltr'><strong>Cynthia</strong></span> <span class='ocrx_word' id='word_1_175' title='bbox 1399 2209 1767 2270; x_wconf 76' lang='lat' dir='ltr'><strong>corticibus!</strong></span> 
     </span>
     <span class='ocr_line' id='line_1_24' title="bbox 354 2291 1710 2374; baseline 0 -21"><span class='ocrx_word' id='word_1_176' title='bbox 354 2294 454 2353; x_wconf 89' lang='lat' dir='ltr'><strong>An</strong></span> <span class='ocrx_word' id='word_1_177' title='bbox 473 2298 581 2352; x_wconf 79' lang='lat' dir='ltr'><strong>tua</strong></span> <span class='ocrx_word' id='word_1_178' title='bbox 603 2291 769 2371; x_wconf 84' lang='lat' dir='ltr'><strong>quod</strong></span> <span class='ocrx_word' id='word_1_179' title='bbox 787 2296 1043 2374; x_wconf 83' lang='lat' dir='ltr'><strong>peperit</strong></span> <span class='ocrx_word' id='word_1_180' title='bbox 1057 2294 1239 2354; x_wconf 88' lang='lat' dir='ltr'><strong>nobis</strong></span> <span class='ocrx_word' id='word_1_181' title='bbox 1261 2293 1491 2353; x_wconf 74' lang='lat' dir='ltr'><strong>iniuria</strong></span> <span class='ocrx_word' id='word_1_182' title='bbox 1512 2312 1710 2371; x_wconf 79' lang='lat' dir='ltr'><strong>curas,</strong></span> 
     </span>
     <span class='ocr_line' id='line_1_25' title="bbox 437 2374 1802 2457; baseline -0.001 -20"><span class='ocrx_word' id='word_1_183' title='bbox 437 2378 607 2453; x_wconf 75' lang='lat' dir='ltr'><strong>Quae</strong></span> <span class='ocrx_word' id='word_1_184' title='bbox 629 2374 830 2437; x_wconf 88' lang='lat' dir='ltr'><strong>solum</strong></span> <span class='ocrx_word' id='word_1_185' title='bbox 849 2379 1057 2438; x_wconf 78' lang='lat' dir='ltr'><strong>tacitis</strong></span> <span class='ocrx_word' id='word_1_186' title='bbox 1081 2380 1329 2457; x_wconf 81' lang='lat' dir='ltr'><strong>cognita</strong></span> <span class='ocrx_word' id='word_1_187' title='bbox 1350 2383 1495 2437; x_wconf 89' lang='lat' dir='ltr'><strong>sunt</strong></span> <span class='ocrx_word' id='word_1_188' title='bbox 1515 2377 1755 2437; x_wconf 77' lang='lat' dir='ltr'><strong>foribus</strong></span> <span class='ocrx_word' id='word_1_189' title='bbox 1770 2377 1802 2436; x_wconf 72' lang='lat'><strong>‘3</strong></span> 
     </span>
     <span class='ocr_line' id='line_1_26' title="bbox 245 2461 1806 2542; baseline -0.002 -20"><span class='ocrx_word' id='word_1_190' title='bbox 245 2466 315 2522; x_wconf 80' lang='lat'><strong>25</strong></span> <span class='ocrx_word' id='word_1_191' title='bbox 360 2461 580 2521; x_wconf 76' lang='lat' dir='ltr'><strong>Omnia</strong></span> <span class='ocrx_word' id='word_1_192' title='bbox 602 2463 892 2521; x_wconf 80' lang='lat' dir='ltr'><strong>consuevi</strong></span> <span class='ocrx_word' id='word_1_193' title='bbox 911 2461 1164 2522; x_wconf 73' lang='lat' dir='ltr'><strong>timidus</strong></span> <span class='ocrx_word' id='word_1_194' title='bbox 1184 2461 1476 2542; x_wconf 86' lang='lat' dir='ltr'><strong>perferre</strong></span> <span class='ocrx_word' id='word_1_195' title='bbox 1500 2462 1806 2539; x_wconf 78' lang='lat' dir='ltr'><strong>superbae</strong></span> 
     </span>
     <span class='ocr_line' id='line_1_27' title="bbox 438 2544 1731 2623; baseline 0.001 -21"><span class='ocrx_word' id='word_1_196' title='bbox 438 2544 608 2604; x_wconf 76' lang='lat' dir='ltr'><strong>Iussa</strong></span> <span class='ocrx_word' id='word_1_197' title='bbox 627 2563 834 2623; x_wconf 84' lang='lat' dir='ltr'><strong>neque</strong></span> <span class='ocrx_word' id='word_1_198' title='bbox 855 2551 1074 2622; x_wconf 79' lang='lat' dir='ltr'><strong>arguto</strong></span> <span class='ocrx_word' id='word_1_199' title='bbox 1094 2544 1260 2603; x_wconf 75' lang='lat' dir='ltr'><strong>factu</strong></span> <span class='ocrx_word' id='word_1_200' title='bbox 1283 2544 1505 2603; x_wconf 78' lang='lat' dir='ltr'><strong>dolore</strong></span> <span class='ocrx_word' id='word_1_201' title='bbox 1532 2545 1731 2621; x_wconf 83' lang='lat' dir='ltr'><strong>queri.</strong></span> 
     </span>
     <span class='ocr_line' id='line_1_28' title="bbox 357 2626 1674 2705; baseline -0.002 -19"><span class='ocrx_word' id='word_1_202' title='bbox 357 2628 483 2687; x_wconf 88' lang='lat' dir='ltr'><strong>Pro</strong></span> <span class='ocrx_word' id='word_1_203' title='bbox 511 2646 655 2705; x_wconf 86' lang='lat' dir='ltr'><strong>quo,</strong></span> <span class='ocrx_word' id='word_1_204' title='bbox 680 2626 874 2686; x_wconf 78' lang='lat' dir='ltr'><strong>&lt;livini</strong></span> <span class='ocrx_word' id='word_1_205' title='bbox 893 2628 1124 2703; x_wconf 82' lang='lat' dir='ltr'><strong>fontes,</strong></span> <span class='ocrx_word' id='word_1_206' title='bbox 1148 2632 1213 2685; x_wconf 92' lang='lat' dir='ltr'><strong>et</strong></span> <span class='ocrx_word' id='word_1_207' title='bbox 1231 2626 1466 2702; x_wconf 75' lang='lat' dir='ltr'><strong>frigida</strong></span> <span class='ocrx_word' id='word_1_208' title='bbox 1483 2644 1674 2705; x_wconf 87' lang='lat' dir='ltr'><strong>rupes</strong></span> 
     </span>
     <span class='ocr_line' id='line_1_29' title="bbox 435 2708 1673 2787; baseline -0.003 -16"><span class='ocrx_word' id='word_1_209' title='bbox 435 2711 522 2771; x_wconf 79' lang='lat' dir='ltr'><strong>Et</strong></span> <span class='ocrx_word' id='word_1_210' title='bbox 543 2708 725 2769; x_wconf 80' lang='lat' dir='ltr'><strong>datur</strong></span> <span class='ocrx_word' id='word_1_211' title='bbox 746 2708 982 2770; x_wconf 82' lang='lat' dir='ltr'><strong>inculto</strong></span> <span class='ocrx_word' id='word_1_212' title='bbox 1009 2711 1258 2769; x_wconf 77' lang='lat' dir='ltr'><strong>tramite</strong></span> <span class='ocrx_word' id='word_1_213' title='bbox 1284 2708 1439 2769; x_wconf 81' lang='lat' dir='ltr'><strong>dura</strong></span> <span class='ocrx_word' id='word_1_214' title='bbox 1462 2710 1673 2787; x_wconf 84' lang='lat' dir='ltr'><strong>quies,</strong></span> <span class='ocrx_word' id='word_1_215' title='bbox 1656 2731 1671 2745; x_wconf 94' lang='lat'><strong>·</strong></span> 
     </span>
     <span class='ocr_line' id='line_1_30' title="bbox 353 2787 2019 2875; baseline -0.002 -21"><span class='ocrx_word' id='word_1_216' title='bbox 353 2796 440 2855; x_wconf 88' lang='lat' dir='ltr'><strong>Et</strong></span> <span class='ocrx_word' id='word_1_217' title='bbox 463 2792 893 2874; x_wconf 85' lang='lat' dir='ltr'><strong>quodcumque</strong></span> <span class='ocrx_word' id='word_1_218' title='bbox 915 2814 1090 2855; x_wconf 78' lang='lat' dir='ltr'><strong>meae</strong></span> <span class='ocrx_word' id='word_1_219' title='bbox 1109 2800 1372 2875; x_wconf 84' lang='lat' dir='ltr'><strong>possunt</strong></span> <span class='ocrx_word' id='word_1_220' title='bbox 1391 2810 1649 2853; x_wconf 76' lang='lat' dir='ltr'><strong>narrare</strong></span> <span class='ocrx_word' id='word_1_221' title='bbox 1674 2787 2019 2871; x_wconf 79' lang='lat' dir='ltr'><strong>querellae,</strong></span> 
     </span>
     <span class='ocr_line' id='line_1_31' title="bbox 244 2876 1629 2959; baseline -0.002 -19"><span class='ocrx_word' id='word_1_222' title='bbox 244 2886 316 2940; x_wconf 83' lang='lat'><strong>30</strong></span> <span class='ocrx_word' id='word_1_223' title='bbox 439 2879 646 2959; x_wconf 85' lang='lat' dir='ltr'><strong>Cogor</strong></span> <span class='ocrx_word' id='word_1_224' title='bbox 668 2876 745 2937; x_wconf 77' lang='lat' dir='ltr'><strong>ad</strong></span> <span class='ocrx_word' id='word_1_225' title='bbox 769 2885 1014 2957; x_wconf 74' lang='lat' dir='ltr'><strong>argutas</strong></span> <span class='ocrx_word' id='word_1_226' title='bbox 1039 2878 1253 2950; x_wconf 66' lang='lat' dir='ltr'><strong>dicere</strong></span> <span class='ocrx_word' id='word_1_227' title='bbox 1275 2876 1445 2939; x_wconf 81' lang='lat' dir='ltr'><strong>solus</strong></span> <span class='ocrx_word' id='word_1_228' title='bbox 1468 2896 1629 2938; x_wconf 80' lang='lat' dir='ltr'><strong>aves,</strong></span> 
     </span>
     <span class='ocr_line' id='line_1_32' title="bbox 359 2957 2103 3044; baseline -0.002 -21"><span class='ocrx_word' id='word_1_229' title='bbox 359 2961 486 3023; x_wconf 76' lang='lat' dir='ltr'><strong>Sed</strong></span> <span class='ocrx_word' id='word_1_230' title='bbox 509 2960 972 3043; x_wconf 78' lang='lat' dir='ltr'><strong>qualiscumque</strong></span> <span class='ocrx_word' id='word_1_231' title='bbox 997 2982 1086 3044; x_wconf 79' lang='lat' dir='ltr'><strong>es,</strong></span> <span class='ocrx_word' id='word_1_232' title='bbox 1110 2968 1411 3023; x_wconf 86' lang='lat' dir='ltr'><strong>resonent</strong></span> <span class='ocrx_word' id='word_1_233' title='bbox 1432 2962 1585 3021; x_wconf 87' lang='lat' dir='ltr'><strong>mihi</strong></span> <span class='ocrx_word' id='word_1_234' title='bbox 1600 2960 1869 3041; x_wconf 77' lang='lat' dir='ltr'><strong>cynthia</strong></span> <span class='ocrx_word' id='word_1_235' title='bbox 1890 2957 2103 3041; x_wconf 73' lang='lat' dir='ltr'><strong>silvae,</strong></span> 
     </span>
     <span class='ocr_line' id='line_1_33' title="bbox 434 3046 1667 3109; baseline -0.001 -3"><span class='ocrx_word' id='word_1_236' title='bbox 434 3047 566 3107; x_wconf 87' lang='lat' dir='ltr'><strong>Nec</strong></span> <span class='ocrx_word' id='word_1_237' title='bbox 590 3046 842 3107; x_wconf 79' lang='lat' dir='ltr'><strong>deserta</strong></span> <span class='ocrx_word' id='word_1_238' title='bbox 863 3053 970 3108; x_wconf 91' lang='lat' dir='ltr'><strong>tuo</strong></span> <span class='ocrx_word' id='word_1_239' title='bbox 991 3048 1240 3108; x_wconf 89' lang='lat' dir='ltr'><strong>nomine</strong></span> <span class='ocrx_word' id='word_1_240' title='bbox 1265 3066 1408 3107; x_wconf 79' lang='lat' dir='ltr'><strong>saxa</strong></span> <span class='ocrx_word' id='word_1_241' title='bbox 1428 3052 1667 3109; x_wconf 76' lang='lat' dir='ltr'><strong>vacent.</strong></span> 
     </span>
    </p>
   </div>
   <div class='ocr_carea' id='block_1_3' title="bbox 923 3156 1309 3166">
    <p class='ocr_par' dir='ltr' id='par_1_3' title="bbox 923 3156 1309 3166">
     <span class='ocr_line' id='line_1_34' title="bbox 923 3156 1309 3166; baseline 0 701"><span class='ocrx_word' id='word_1_242' title='bbox 923 3156 1309 3166; x_wconf 95' lang='lat' dir='ltr'><strong> </strong></span> 
     </span>
    </p>
   </div>
   <div class='ocr_carea' id='block_1_4' title="bbox 219 3176 2104 3455">
    <p class='ocr_par' dir='ltr' id='par_1_4' title="bbox 219 3176 2104 3455">
     <span class='ocr_line' id='line_1_35' title="bbox 219 3176 2104 3293; baseline 0 -23"><span class='ocrx_word' id='word_1_243' title='bbox 219 3176 327 3271; x_wconf 70' lang='grc'><strong>19</strong></span> <span class='ocrx_word' id='word_1_244' title='bbox 361 3176 509 3273; x_wconf 84' lang='grc' dir='ltr'><strong>Νοιι</strong></span> <span class='ocrx_word' id='word_1_245' title='bbox 535 3233 650 3293; x_wconf 83' lang='lat' dir='ltr'><strong>ego</strong></span> <span class='ocrx_word' id='word_1_246' title='bbox 673 3234 838 3275; x_wconf 83' lang='lat' dir='ltr'><strong>nunc</strong></span> <span class='ocrx_word' id='word_1_247' title='bbox 857 3216 1076 3275; x_wconf 86' lang='lat' dir='ltr'><strong>tristes</strong></span> <span class='ocrx_word' id='word_1_248' title='bbox 1095 3232 1342 3292; x_wconf 76' lang='lat' dir='ltr'><strong>vereor,</strong></span> <span class='ocrx_word' id='word_1_249' title='bbox 1377 3234 1513 3273; x_wconf 83' lang='lat' dir='ltr'><strong>mea</strong></span> <span class='ocrx_word' id='word_1_250' title='bbox 1536 3212 1827 3293; x_wconf 77' lang='lat' dir='ltr'><strong>Cynthia,</strong></span> <span class='ocrx_word' id='word_1_251' title='bbox 1860 3211 2104 3287; x_wconf 75' lang='lat' dir='ltr'><strong>Manes,</strong></span> 
     </span>
     <span class='ocr_line' id='line_1_36' title="bbox 439 3297 1691 3375; baseline -0.002 -17"><span class='ocrx_word' id='word_1_252' title='bbox 439 3297 570 3358; x_wconf 86' lang='lat' dir='ltr'><strong>Nec</strong></span> <span class='ocrx_word' id='word_1_253' title='bbox 591 3318 802 3359; x_wconf 88' lang='lat' dir='ltr'><strong>moror</strong></span> <span class='ocrx_word' id='word_1_254' title='bbox 823 3305 1100 3359; x_wconf 82' lang='lat' dir='ltr'><strong>extremo</strong></span> <span class='ocrx_word' id='word_1_255' title='bbox 1125 3297 1337 3359; x_wconf 80' lang='lat' dir='ltr'><strong>debita</strong></span> <span class='ocrx_word' id='word_1_256' title='bbox 1352 3298 1481 3357; x_wconf 74' lang='lat' dir='ltr'><strong>fata</strong></span> <span class='ocrx_word' id='word_1_257' title='bbox 1501 3316 1691 3375; x_wconf 81' lang='lat' dir='ltr'><strong>rogo;</strong></span> 
     </span>
     <span class='ocr_line' id='line_1_37' title="bbox 357 3380 1778 3455; baseline -0.003 -14"><span class='ocrx_word' id='word_1_258' title='bbox 357 3380 489 3441; x_wconf 77' lang='lat' dir='ltr'><strong>Sed</strong></span> <span class='ocrx_word' id='word_1_259' title='bbox 513 3400 594 3440; x_wconf 85' lang='lat' dir='ltr'><strong>ne</strong></span> <span class='ocrx_word' id='word_1_260' title='bbox 615 3382 784 3443; x_wconf 84' lang='lat' dir='ltr'><strong>forte</strong></span> <span class='ocrx_word' id='word_1_261' title='bbox 805 3390 913 3443; x_wconf 90' lang='lat' dir='ltr'><strong>tuo</strong></span> <span class='ocrx_word' id='word_1_262' title='bbox 941 3388 1149 3443; x_wconf 76' lang='lat' dir='ltr'><strong>cureat</strong></span> <span class='ocrx_word' id='word_1_263' title='bbox 1167 3383 1319 3441; x_wconf 88' lang='lat' dir='ltr'><strong>mihi</strong></span> <span class='ocrx_word' id='word_1_264' title='bbox 1341 3382 1524 3442; x_wconf 83' lang='lat' dir='ltr'><strong>funus</strong></span> <span class='ocrx_word' id='word_1_265' title='bbox 1548 3396 1778 3455; x_wconf 81' lang='lat' dir='ltr'><strong>amore,</strong></span> 
     </span>
    </p>
   </div>
   <div class='ocr_carea' id='block_1_5' title="bbox 275 3464 2039 3839">
    <p class='ocr_par' dir='ltr' id='par_1_5' title="bbox 275 3464 2023 3839">
     <span class='ocr_line' id='line_1_38' title="bbox 437 3464 1889 3559; baseline 0.004 -35"><span class='ocrx_word' id='word_1_266' title='bbox 437 3466 558 3525; x_wconf 86' lang='lat' dir='ltr'><strong>Hic</strong></span> <span class='ocrx_word' id='word_1_267' title='bbox 579 3466 766 3526; x_wconf 89' lang='lat' dir='ltr'><strong>timor</strong></span> <span class='ocrx_word' id='word_1_268' title='bbox 789 3474 887 3527; x_wconf 88' lang='lat' dir='ltr'><strong>est</strong></span> <span class='ocrx_word' id='word_1_269' title='bbox 910 3468 1063 3547; x_wconf 88' lang='lat' dir='ltr'><strong>ipsis</strong></span> <span class='ocrx_word' id='word_1_270' title='bbox 1088 3464 1303 3526; x_wconf 85' lang='lat' dir='ltr'><strong>durior</strong></span> <span class='ocrx_word' id='word_1_271' title='bbox 1326 3485 1361 3525; x_wconf 87' lang='lat' dir='ltr'><strong>e</strong></span> <span class='ocrx_word' id='word_1_272' title='bbox 1667 3489 1809 3539; x_wconf 59' lang='lat' dir='ltr'><strong>AR</strong></span> <span class='ocrx_word' id='word_1_273' title='bbox 1826 3506 1889 3559; x_wconf 43' lang='grc' dir='ltr'><strong>ἃ..</strong></span> 
     </span>
     <span class='ocr_line' id='line_1_39' title="bbox 275 3484 2039 3839; baseline 0.009 -232"><span class='ocrx_word' id='word_1_274' title='bbox 275 3548 688 3612; x_wconf 67' lang='lat' dir='ltr'><strong>Pnonnnrms.</strong></span> <span class='ocrx_word' id='word_1_275' title='bbox 1308 3543 1364 3799; x_wconf 58' lang='grc' dir='ltr'>ί</span> <span class='ocrx_word' id='word_1_276' title='bbox 1436 3484 1506 3839; x_wconf 43' lang='lat' dir='ltr'><strong>f</strong></span> <span class='ocrx_word' id='word_1_277' title='bbox 1548 3566 1621 3607; x_wconf 65' lang='lat' dir='ltr'><strong>0F</strong></span> <span class='ocrx_word' id='word_1_278' title='bbox 1650 3552 1769 3601; x_wconf 61' lang='lat'><strong>2⁸⁶</strong></span> <span class='ocrx_word' id='word_1_279' title='bbox 1974 3538 2039 3768; x_wconf 79' lang='lat'><strong>&gt;</strong></span> 
     </span>
     <span class='ocr_line' id='line_1_40' title="bbox 346 3610 1939 3698; baseline -0.009 -7"><span class='ocrx_word' id='word_1_280' title='bbox 346 3684 362 3691; x_wconf 84' lang='lat'><strong>-</strong></span> <span class='ocrx_word' id='word_1_281' title='bbox 1400 3635 1515 3698; x_wconf 82' lang='grc' dir='ltr'><strong>υΝ</strong></span> <span class='ocrx_word' id='word_1_282' title='bbox 1530 3610 1939 3693; x_wconf 68' lang='grc' dir='ltr'><strong>ΝΕΒΒΙΤΥ</strong></span> 
     </span>
    </p>

    <p class='ocr_par' dir='ltr' id='par_1_6' title="bbox 1470 3714 1878 3839">
     <span class='ocr_line' id='line_1_41' title="bbox 1470 3714 1878 3839; baseline 0.002 -5"><span class='ocrx_word' id='word_1_283' title='bbox 1470 3771 1575 3838; x_wconf 71' lang='grc' dir='ltr'><strong>ΟΑι</strong></span> <span class='ocrx_word' id='word_1_284' title='bbox 1606 3714 1878 3839; x_wconf 55' lang='lat' dir='ltr'><strong>troam*</strong></span> 
     </span>
    </p>
   </div>
  </div>
 </body>
</html>
