2592 3867
935 216 1323 279 LIBER
1404 219 1693 298 V‚9‚1o
2163 218 2285 283 107

619 390 748 449 Ara
765 406 880 468 per
902 388 1057 465 has,'
1081 388 1303 466 inquit,
1328 387 1607 447 ‘maxima
1626 388 1790 447 facta
1808 407 2043 466 manus,

538 472 712 531 Haec
735 469 926 531 nullis
947 489 1233 549 umquam
1252 476 1465 550 pateat
1488 469 1841 530 veneranda
1863 470 2114 551 puellis,

432 560 506 617 70
625 554 918 615 Herculis
942 555 1150 615 eximii
1175 572 1256 613 ne
1281 555 1365 613 sit
1384 552 1586 613 inulta
1607 554 1789 614 sitis?

540 636 770 699 Sancte
789 646 970 719 pater
993 637 1180 714 salve,
1206 638 1305 697 cui
1326 638 1445 697 iam
1467 637 1634 697 favet
1656 654 1875 717 aspera
1895 638 2076 699 Iuno:

621 722 866 798 Sancte,
889 720 1044 781 velis
1062 720 1224 781 libro
1249 719 1471 780 dexter
1492 722 1698 781 inesse
1720 738 1875 781 meo.

533 807 735 884 Hunc,
771 806 1056 884 quoniam
1089 805 1367 864 manibus
1388 810 1713 885 purgatum
1736 809 2021 863 sanxerat
2044 805 2279 883 orbem,

615 888 718 949 Sic
743 886 1033 949 Sanctum
1055 886 1276 946 Tatiae
1300 906 1703 987 composuere
1726 888 1943 949 Cures.

395 1016 504 1113 10
535 1016 720 1113 Nunc
740 1053 898 1113 Iovis
920 1053 1207 1130 incipiam
1231 1072 1441 1113 causas
1465 1054 1711 1133 aperire
1730 1054 1985 1113 Feretri

617 1138 930 1215 Armaque
953 1136 1033 1195 de
1054 1134 1313 1195 ducibus
1332 1138 1500 1195 trina
1519 1142 1777 1217 recepta
1793 1138 2015 1199 tribus.

531 1221 826 1299 Magnum
845 1221 970 1279 iter
994 1218 1281 1297 ascendo,
1307 1219 1419 1279 sed
1442 1219 1547 1279 dat
1568 1221 1719 1279 mihi
1742 1218 1939 1298 gloria
1955 1221 2153 1281 virese

611 1304 750 1364 Non
773 1306 938 1364 iuvat
957 1322 994 1364 e
1014 1301 1188 1363 facili
1207 1301 1376 1363 lecta
1396 1323 1625 1364 corona
1644 1306 1807 1381 iugo.

457 1397 492 1448 5
536 1388 742 1449 Inbuis
765 1386 1110 1467 exemplum
1130 1388 1366 1467 primae
1389 1392 1479 1465 tu,
1500 1386 1783 1465 Romule,
1804 1386 2041 1467 palmae

610 1473 809 1531 Huius
837 1477 904 1531 et
925 1472 1142 1531 exuvio
1163 1469 1387 1550 plenus
1412 1473 1487 1532 ab
1509 1472 1691 1531 hoste
1713 1470 1906 1557 redis,

531 1554 844 1634 Tempore
868 1574 988 1633 quo
1013 1560 1226 1633 portas
1251 1556 1591 1615 Caeninum
1611 1538 1887 1615 Acronta
1910 1558 2225 1633 petentem

611 1638 869 1699 Victor
851 1656 916 1695 ιιι
938 1655 1220 1696 eversum
1243 1635 1499 1716 cuspide
1524 1637 1735 1697 fundis
1756 1657 1999 1716 equum.

528 1722 737 1781 Acron
757 1719 1106 1780 Hei-culeus
1129 1720 1405 1780 Caenina
1428 1719 1649 1780 ductor
1671 1722 1745 1780 ab
1770 1739 1933 1798 arce,

423 1813 493 1865 10
604 1805 825 1879 Roma,
849 1804 973 1863 tuis
998 1802 1305 1882 quondam
1328 1804 1555 1863 finibus
1576 1804 1803 1864 horror
1826 1810 1979 1864 erat.

527 1887 649 1947 Hic
671 1885 868 1967 spolia
890 1906 966 1947 ex
986 1888 1260 1947 humeris
1285 1906 1465 1947 ausus
1490 1905 1744 1967 sperare
1769 1887 2011 1962 Quirini

607 1971 746 2050 Ipse
770 1969 965 2048 dedit,
990 1969 1104 2030 sed
1125 1989 1248 2031 non
1271 1972 1567 2049 sanguine
1590 1971 1753 2041 sicca
1775 1990 1903 2031 suo.

525 2054 706 2115 Hunc
726 2052 900 2115 videt
921 2060 1064 2114 ante
1087 2074 1261 2115 cavas
1281 2053 1617 2115 librantem
1638 2053 1875 2135 spicula
1893 2060 2103 2115 turres

601 2137 896 2200 Romulus
918 2144 986 2198 et
1006 2140 1166 2199 votis
1187 2145 1449 2219 occupat
1470 2145 1614 2199 ante
1634 2140 1821 2199 ratis:

415 2228 485 2283 15
528 2222 849 2302 ‘Iuppiter‚
879 2223 1033 2283 haec
1059 2221 1247 2282 hodie
1269 2224 1386 2283 tibi
1407 2224 1653 2283 victima
1676 2228 1929 2282 corruet
1948 2223 2203 2283 Acron?

489 2347 508 2359 ι
602 2305 897 2385 Voverat‚
923 2312 989 2367 et
1008 2305 1276 2387 spolium
1297 2308 1535 2369 corruit
1554 2305 1667 2367 ille
1687 2306 1831 2367 Iovi.

523 2389 712 2471 Urbis
733 2392 1105 2469 virtutisque
1126 2408 1353 2472 parens
1377 2392 1465 2451 sic
1487 2392 1739 2451 vincere
1764 2390 1983 2466 suevit,

603 2472 724 2547 Qui
749 2472 900 2531 tulit
921 2474 1130 2551 aprico
1153 2474 1385 2551 frigida
1408 2479 1609 2533 castra
1627 2473 1808 2532 Lare.

516 2552 688 2614 Idem
711 2572 904 2633 eques
928 2561 994 2613 et
1014 2555 1234 2632 frenis,
1253 2556 1424 2614 idem
1442 2555 1563 2615 fuit
1586 2560 1763 2634 aptus
1786 2556 2028 2632 aratris,

408 2645 480 2699 20
600 2638 685 2697 Et
705 2636 883 2716 galea
901 2638 1160 2699 hirsutis
1183 2645 1427 2718 compta
1445 2636 1659 2718 lupina
1678 2638 1861 2716 iubis,

516 2719 693 2781 Picta
713 2739 921 2800 neque
941 2721 1193 2783 inducto
1223 2721 1503 2801 fulgebat
1522 2741 1734 2802 parma
1752 2741 2028 2802 pyropo:

593 2804 989 2866 Praebebunt
1011 2807 1175 2865 caesi
1196 2805 1403 2867 baltea
1422 2804 1597 2866 lenta
1618 2807 1823 2868 boves.

515 2888 744 2949 Cossus
767 2893 830 2947 at
855 2890 1202 2967 insequitur
1224 2890 1511 2952 Veientis
1536 2887 1727 2950 caede
1752 2887 2065 2966 Tolumni,

591 2972 868 3034 Vincere
893 2991 1030 3032 cum
1053 2973 1244 3035 Veios
1263 2992 1449 3053 posse
1470 2973 1701 3034 laboris
1726 2978 1882 3050 erat,

405 3060 474 3114 25
515 3055 646 3116 Nee
670 3055 814 3117 dum
831 3054 1001 3115 ultra
1027 3056 1310 3115 Tiberim
1330 3054 1489 3116 belli
1510 3074 1717 3134 sonus,
1738 3054 1954 3116 ultima
1972 3052 2205 3136 praeda

590 3139 962 3199 Nomentum
984 3145 1051 3199 et
1071 3146 1286 3219 captae
1310 3140 1525 3218 iugera
1544 3145 1725 3200 terna
1746 3140 1965 3203 Corae.

510 3220 564 3281 Ο
576 3223 730 3285 Veii
750 3230 1020 3301 veteres,
1043 3230 1109 3284 et
1129 3242 1236 3283 vos
1262 3230 1393 3283 tum
1414 3242 1607 3304 regna
1624 3224 1854 3301 fuistis,

587 3306 672 3367 Et
691 3313 898 3367 vestro
919 3309 1124 3387 posita
1148 3314 1246 3367 est
1265 3327 1453 3368 aurea
1476 3306 1633 3368 sella
1656 3308 1828 3367 foro:

506 3386 682 3448 Nune
703 3392 868 3450 intra
887 3410 1094 3453 muros
1116 3392 1385 3471 pastoris
1405 3392 1663 3451 buccina
1683 3389 1842 3449 lenti

399 3478 470 3533 3⁰
590 3472 834 3551 Cantnt,
862 3476 966 3533 et
947 3494 1012 3534 ιιι
1033 3475 1256 3535 vestris
1280 3475 1521 3535 ossibus
1542 3492 1684 3533 arva
1704 3476 1962 3537 metunt.
