2592 3867
661 216 1038 280 LIBER
1121 214 1169 295 I,
1217 228 1309 296 21,
1350 226 1435 281 22.
1521 214 1598 293 ΙΙ,
1646 227 1697 277 1.
2058 214 2137 294 21

393 386 536 447 Sive
555 384 730 447 illam
751 386 898 446 Cois
917 382 1268 463 fulgentem
1286 383 1587 445 incedere
1610 384 1833 461 coccis,
2107 390 2141 443 5

285 480 356 535 10
477 472 618 531 Hoc
637 475 840 529 totum
861 488 898 529 e
919 470 1052 529 Coa
1069 474 1244 529 veste
1264 465 1554 529 volumen
1576 468 1731 527 erit=
2106 474 2144 527 6

395 554 524 614 Seu
545 572 682 613 cum
703 558 1035 633 poscentes
1059 572 1339 612 somnum
1362 551 1641 612 declinat
1662 548 1919 629 ocellos,

473 636 724 699 Invenio
755 656 964 697 causas
987 634 1161 697 mille
1181 642 1375 717 poeta
1389 655 1611 698 novas:

396 722 523 783 Seu
542 721 706 781 nuda
727 727 948 801 erepto
969 740 1210 782 mecum
1229 719 1504 781 luctatur
1524 720 1771 797 amictu,

476 806 638 866 Tum
657 824 806 866 vero
827 803 1046 885 longas
1069 804 1389 867 condimus
1409 804 1667 867 Iliadas:

289 898 356 951 15
400 891 527 951 Seu
552 888 848 970 quicquid
869 890 1026 950 fecit
1046 892 1175 950 sive
1199 897 1298 949 est
1320 889 1751 975 quodcumque
1771 886 2003 966 locuta,

473 974 744 1035 Maxima
765 972 846 1033 de
867 970 1066 1032 nihilo
1087 975 1362 1033 nascitur
1383 974 1661 1033 historia.

396 1056 577 1134 Quod
599 1058 751 1116 mihi
775 1058 830 1117 si
850 1062 1107 1135 tantum,
1131 1056 1487 1135 Maecenas,
1512 1056 1641 1116 fata
1662 1055 2005 1132 dedissent,

475 1141 566 1202 Ut
584 1158 834 1221 possem
854 1142 1079 1200 heroas
1103 1140 1337 1201 ducere
1356 1142 1423 1200 in
1444 1160 1611 1201 arma
1631 1158 1863 1217 manus,

394 1224 536 1285 Non
558 1244 674 1303 ego
700 1224 956 1285 Titanas
979 1243 1287 1303 canerem,
1313 1244 1441 1300 non
1465 1225 1661 1285 Ossan
1686 1223 1947 1303 Olympo

286 1321 360 1373 20
481 1310 836 1389 Inpositam,
866 1314 938 1369 ut
958 1308 1114 1369 caeli
1135 1308 1363 1373 Pelion
1385 1314 1555 1371 esset
1574 1310 1721 1388 iter,
1884 1356 1893 1366 .

392 1392 532 1453 Non
553 1399 801 1454 veteres
826 1394 1099 1473 Thebas,
1121 1412 1242 1455 nec
1262 1394 1563 1473 Pergama
1581 1412 1809 1455 nomen
1831 1392 2112 1471 Homeri,

475 1477 704 1538 Xerxis
730 1484 796 1539 et
815 1478 1078 1558 imperio
1102 1480 1248 1539 bina
1268 1482 1469 1540 coisse
1490 1478 1663 1556 vada,

392 1562 682 1639 Regnave
703 1563 904 1642 prima
923 1562 1103 1622 Remi
1127 1570 1232 1623 aut
1253 1566 1486 1623 animos
1512 1564 1905 1642 Carthaginis
1927 1562 2108 1640 altae,

477 1646 994 1725 Cimbrorumque
1016 1647 1210 1707 minas
1233 1654 1300 1706 et
1318 1648 1649 1709 benefacta
1666 1648 1863 1709 Mari:

285 1740 356 1793 25
397 1727 702 1806 Bellaque
724 1747 954 1808 resque
974 1731 1066 1788 tui
1089 1748 1497 1791 memorarem
1518 1732 1825 1809 Caesaris,
1849 1737 1915 1791 et
1934 1735 2005 1790 tu

479 1811 748 1872 Caesare
772 1812 882 1873 sub
907 1831 1126 1891 magno
1151 1833 1297 1873 cura
1318 1813 1587 1873 secunda
1606 1814 1799 1873 fores.

391 1896 449 1957 N
451 1916 547 1955 am
571 1896 860 1975 quotiens
881 1896 1186 1958 Mutinam
1210 1904 1317 1957 aut
1338 1896 1544 1958 civilia
1562 1898 1745 1958 busta
1764 1896 2091 1977 Philippos

475 1981 602 2040 Aut
623 1998 912 2041 canerem
936 1980 1182 2042 Siculae
1205 1980 1463 2043 classica
1482 1980 1655 2042 bella
1673 1982 1859 2060 fugae

393 2064 788 2143 Eversosque
811 2065 988 2125 focos
1012 2068 1303 2147 antiquae
1325 2068 1528 2145 gentis
1549 2068 1851 2127 Etruscae

284 2158 357 2212 30
475 2150 602 2207 Aut
621 2146 968 2209 Ptolemaei
993 2147 1185 2211 litora
1207 2157 1385 2231 capta
1409 2151 1620 2229 Phari,

392 2233 519 2293 Aut
555 2250 841 2293 canerem
875 2235 1227 2315 Aegyptum
1263 2242 1329 2297 et
1354 2234 1593 2313 Nilum,
1640 2256 1777 2297 cum
1808 2239 2043 2297 tractus
2076 2234 2143 2295 in

1352 2322 1572 2383 urbem

475 2400 731 2481 Septem
759 2404 1014 2483 captivis
1038 2402 1266 2464 debilis
1287 2405 1419 2465 ibat
1440 2405 1637 2484 aquis,

390 2485 518 2545 Aut
537 2504 754 2564 regum
777 2488 1007 2546 auratis
1035 2487 1411 2551 circumdata
1434 2488 1601 2549 colla
1625 2490 1883 2565 catenis,

472 2567 778 2646 Actiaque
796 2572 864 2627 in
887 2570 1076 2628 Sacra
1095 2588 1355 2629 currere
1375 2576 1581 2630 rostra
1600 2571 1741 2647 Via,

283 2658 352 2714 35
398 2650 496 2710 Te
519 2668 658 2710 mea
677 2651 860 2711 Musa
882 2651 1012 2711 illis
1035 2670 1283 2731 semper
1308 2658 1676 2713 contexeret
1696 2653 1905 2730 armis,

471 2735 554 2795 Et
577 2740 820 2815 sumpta
842 2741 908 2795 et
927 2736 1130 2815 posita
1149 2755 1303 2816 pace
1323 2734 1518 2797 fidele
1542 2742 1743 2817 caput.

392 2817 680 2879 Theseus
702 2820 991 2898 infernis,
1015 2822 1259 2901 superis
1279 2826 1551 2882 testatur
1569 2819 1873 2899 Achilles,

471 2903 592 2963 Hic
612 2904 956 2983 Ixioniden,
978 2902 1093 2964 ille
1117 2905 1583 2966 Menoetiaden.
1648 2931 1654 2941 ⁵

391 2987 516 3047 Sed
538 3007 746 3068 neque
768 2987 1152 3068 Phlegraeos
1172 2990 1333 3049 Iovis
1348 2989 1777 3069 Enceladique
1797 2988 2098 3051 tumultus

280 3078 351 3132 40
470 3072 720 3132 Intonet
741 3079 998 3153 angusto
1019 3080 1280 3153 pectore
1304 3073 1733 3153 Callimachus,
2178 3079 2182 3085 '

387 3154 520 3216 Nec
540 3175 678 3217 mea
701 3159 1076 3218 conveniunt
1099 3158 1252 3218 duro
1275 3159 1646 3239 praecordia
1665 3178 1852 3219 versu

473 3241 756 3301 Caesaris
777 3243 844 3302 in
866 3242 1173 3321 Phrygios
1197 3242 1472 3305 condere
1493 3262 1723 3304 nomen
1743 3260 1903 3303 avos.

385 3322 606 3383 Navita
627 3323 706 3384 de
727 3328 952 3403 ventis,
977 3325 1056 3385 de
1078 3328 1274 3387 tauris
1294 3335 1509 3389 narrat
1531 3333 1761 3403 arator,

470 3408 812 3469 Enumerat
829 3408 1008 3469 miles
1029 3409 1306 3489 vulnera,
1326 3417 1541 3492 pastor
1564 3428 1731 3486 oves,

253 3552 258 3555 ,
287 3498 354 3552 15
393 3490 521 3551 Nos
547 3498 764 3554 contra
783 3500 1038 3571 angusto
1058 3501 1383 3556 versantes
1400 3494 1645 3576 proelia
1660 3491 1865 3551 lect⁰=
